3240 5478
530 809 730 860 GREGORIUS
749 809 939 859 SANOCEUS.

839 879 889 891 vvx
896 878 1251 892 xtvmtvvxsvvvvvvvvvvxsvv
1255 880 1270 891 ..ν
1274 880 1330 891 mlxi«
1334 879 1348 889 Α
1355 879 1371 890 Ν.
1375 879 1386 889 π

531 896 1088 911 ΝΝΝΧΛΛΛΛΛΛΛΝνκΛΛΛΛπΛΛΛΛΙνννκΛΛι
1094 898 1108 910 υ
1337 897 1386 910 'vvx

530 1021 714 1096 appellabat,
726 1041 780 1082 eos
789 1029 891 1083 autem
899 1023 1056 1096 ridiculos,
1068 1025 1120 1098 qui
1130 1025 1250 1082 omissis
1259 1025 1386 1098 artibus,

531 1103 641 1175 quibus
657 1104 831 1162 hominibus
843 1103 994 1178 prodesse
1005 1105 1140 1163 debeant
1155 1105 1186 1162 in
1198 1106 1331 1177 civitate,
1342 1105 1387 1164 le-

529 1200 578 1239 ras
593 1191 762 1256 sequantur
775 1185 806 1241 in
821 1185 912 1242 silvis

529 1280 744 1383 XLVIII
780 1265 1053 1336 Pulchritudinem,
1063 1273 1156 1339 prout
1168 1266 1252 1323 bono
1264 1267 1386 1324 malove

750 1362 760 1384 ·
781 1345 908 1422 ingenio
927 1346 1094 1404 coniuncta
1113 1352 1205 1416 esset,
1224 1352 1276 1402 aut
1296 1364 1387 1403 orna-

529 1431 668 1481 mentum
683 1431 735 1482 aut
746 1427 916 1500 perniciem
928 1425 1059 1485 dicebat.
1075 1425 1276 1484 Nobilitatem
1288 1444 1388 1499 quon-

529 1503 601 1560 dam
620 1504 669 1561 vel
693 1523 711 1562 a
730 1523 785 1563 sua
803 1506 852 1563 vel
871 1525 889 1562 a
908 1507 1058 1564 maiorum
1078 1507 1190 1564 virtute
1210 1507 1386 1564 hominibus

529 1585 708 1660 contigisse,
723 1603 806 1644 nunc
821 1604 895 1644 vero
907 1605 925 1642 a
936 1586 1050 1644 divitiis
1064 1587 1238 1660 provenire.
1253 1587 1388 1658 Dicenti,

529 1664 641 1721 malam
656 1665 812 1724 fortunam
828 1666 1031 1724 ostentandae
1051 1667 1172 1724 virtutis
1188 1666 1386 1725 occasionem

528 1744 688 1818 praebere,
698 1747 877 1804 felicitatem
889 1764 925 1804 ac
936 1747 1081 1804 virtutem
1093 1748 1151 1805 Dei
1159 1747 1311 1822 allegavit.
1322 1747 1387 1805 Ma-

530 1825 592 1882 lum
607 1826 765 1902 ingenium
780 1835 812 1885 et
823 1829 977 1903 ingratum
989 1828 1065 1885 mari
1076 1829 1285 1902 comparabat,
1300 1828 1385 1900 quod

529 1922 601 1963 cum
615 1923 656 1963 ex
669 1907 846 1965 fluminibus
867 1925 902 1966 ac
922 1908 1060 1970 lontibus
1080 1926 1229 1981 aquarum
1248 1908 1386 1966 dulcium

529 1987 591 2043 vim
602 2003 701 2059 paene
713 1987 863 2045 infinitam
874 1988 1004 2063 recipiat
1015 1989 1046 2045 in
1057 2007 1100 2060 se,
1112 2006 1270 2062 nunquam
1281 1995 1385 2046 tamen

529 2083 674 2140 saporem
693 2074 799 2126 mutat.
819 2070 911 2127 Viros
930 2069 1100 2143 prudentes
1121 2069 1187 2127 sine
1207 2068 1385 2142 eloquentia

529 2146 661 2204 citharas
676 2148 743 2205 sine
757 2148 882 2207 chordis
898 2166 966 2206 esse
981 2150 1090 2207 aiebat.
1105 2146 1243 2207 Iudicem
1257 2167 1383 2206 avarum

528 2234 786 2301 praesentaneum
797 2247 833 2287 ac
844 2230 953 2287 venale
964 2248 1118 2287 venenum
1130 2229 1218 2301 dixit,
1230 2229 1384 2287 interdum

527 2325 699 2382 pauperum
714 2309 929 2380 calamitatem,
944 2310 1133 2384 quandoque
1147 2311 1240 2368 etiam
1255 2310 1385 2367 divitum

528 2404 708 2446 mucronem
724 2390 908 2464 appellabat.
923 2389 1070 2448 Garrulae
1082 2391 1209 2447 nimium
1222 2407 1258 2447 ac
1269 2390 1385 2448 dicacis

528 2468 638 2525 mulier
650 2487 664 2525 s
676 2467 740 2527 filio
748 2471 855 2544 inepto
864 2477 1002 2545 etusque
1010 2470 1049 2528 ad
1058 2476 1218 2545 stuporem
1229 2472 1384 2528 taciturno

528 2549 581 2606 ait:
594 2549 626 2605 in
637 2556 735 2607 matre
746 2556 798 2607 tua
809 2550 946 2630 linguam
956 2551 1115 2624 reliquisti.
1128 2549 1310 2625 Sepulturae
1319 2551 1386 2623 qui-

527 2628 599 2686 dem
615 2646 721 2686 curam
736 2630 804 2688 illos
819 2631 933 2689 habere
956 2639 1110 2706 oportere,
1130 2632 1181 2704 qui
1197 2631 1327 2688 honeste
1341 2631 1386 2687 vi-

526 2709 654 2781 xissent,
669 2717 790 2768 ceteros
802 2712 884 2770 haud
895 2711 1008 2787 dignos
1020 2710 1122 2783 fuisse,
1134 2729 1267 2785 quorum
1280 2717 1385 2769 essent

527 2789 693 2862 aliquando
714 2808 856 2868 corpora,
878 2791 993 2849 nedum
1011 2799 1212 2849 monumenta
1233 2797 1383 2848 extarent.

525 2869 729 2928 Ludicrarum
745 2873 855 2929 artium
870 2872 1044 2949 magistros
1055 2872 1208 2944 tibicines,
1223 2872 1384 2946 parasitos,

526 2957 735 3008 assentatores
746 2959 777 3009 et
789 2952 820 3010 id
831 2959 932 3010 totum
943 2970 1042 3028 genus
1054 2952 1223 3023 hominum,
1235 2952 1320 3025 quod
1328 2970 1384 3026 per

526 3029 932 3107 alienamintemperantiam
939 3031 992 3111 [et]
1000 3033 1156 3090 levitatem
1162 3050 1248 3089 suam
1257 3040 1384 3090 exercet

526 3127 561 3167 ac
577 3112 682 3183 nutrit,
697 3113 922 3187 aspernabatur
940 3131 1042 3186 neque
1062 3131 1199 3186 unquam
1220 3112 1259 3169 ad
1279 3131 1313 3170 se
1328 3111 1383 3169 ad·

526 3191 668 3248 mittebat
682 3191 799 3265 dicens,
814 3192 892 3265 illos,
908 3211 986 3267 quos
997 3193 1150 3251 eiusmodi
1163 3193 1323 3250 oblectant
1333 3211 1384 3250 va-

526 3271 647 3342 nitates,
655 3273 789 3330 suaviter
800 3290 836 3331 ac
847 3274 942 3331 veluti
951 3272 1136 3331 dormiendo
1145 3274 1256 3348 perire,
1268 3274 1383 3346 quippe

524 3352 811 3426 talibusfillecebris
831 3353 958 3412 deleniti
980 3372 1044 3412 non
1067 3354 1210 3425 sentiant,
1232 3354 1299 3410 sine
1322 3353 1384 3410 ulla

524 3431 676 3490 bonarum
685 3448 870 3492 rerumcura
878 3435 964 3508 prius
970 3453 1003 3492 se
1009 3434 1048 3492 ad
1054 3441 1187 3491 mortem
1194 3435 1384 3508 pervenisse,

524 3530 618 3586 quam
632 3513 737 3570 vivere
753 3514 970 3572 intellexerint.
984 3514 1056 3573 Illos
1071 3515 1164 3571 etiam
1178 3514 1313 3571 maxime
1329 3515 1383 3570 ho-

523 3593 623 3650 mines
638 3592 782 3652 vitandos
798 3596 955 3666 monebat,
970 3595 1022 3668 qui
1037 3612 1095 3668 per
1109 3595 1284 3653 obscoenas
1299 3594 1383 3651 dica-

523 3673 632 3731 citates
647 3674 742 3730 risum
763 3693 780 3732 a
794 3675 1066 3732 circumstantibus
1087 3675 1200 3732 elicere
1219 3692 1278 3748 pro
1293 3675 1384 3731 urba-

524 3754 620 3812 nitate
642 3754 802 3826 ducerent,
824 3773 842 3812 a
863 3755 957 3812 sorde
979 3756 1061 3812 enim
1083 3756 1250 3813 verborum
1272 3755 1382 3811 nutriri

525 3834 762 3907 impudentiam3
778 3836 844 3909 ipse
856 3836 880 3892 si
893 3834 1019 3908 quando
1031 3835 1201 3909 cuiuspiam
1213 3835 1383 3908 petulantia

526 3930 590 3972 non
601 3922 789 3989 temperaret
800 3934 817 3972 a
829 3915 951 3992 linguae
963 3915 1115 3984 sordibus,
1131 3933 1195 3973 non
1206 3915 1306 3972 solum
1319 3917 1381 3972 non

525 3993 656 4066 ridebat,
671 3995 727 4053 sed
742 3997 856 4054 rubore
871 3997 963 4053 etiam
979 3995 1120 4066 suffusus,
1135 3994 1381 4072 indignationem

525 4074 741 4149 pudoremque
760 4077 853 4133 animi
872 4076 1084 4150 profitebatur.
1107 4075 1266 4133 Ridiculus
1285 4075 1382 4132 homi-

528 4173 582 4215 nes
598 4151 661 4213 non
676 4157 748 4231 risu,
763 4157 819 4219 sed
830 4157 1027 4218 miseratione
1038 4156 1285 4234 prosequendos,
1297 4155 1380 4232 quod
