3240 5478
906 823 982 873 FOL.
1002 823 1066 872 XIX

211 891 232 904 U*
237 891 1064 908 ΑΛΛΛΛΛΛΜΛΛΛΛΛΛΛΛΛΛΛᾹΛΛΛΛΙΧΛΛΙΧΛΛΛΆΛΛΝΛΛΛΛΜΛΛΛΝ

210 909 360 923 ΜΝΛΛᾹΛΛΛΛ
365 909 480 923 ’ΧΑΛιΧΛΑΓ
487 909 535 923 ΑΜ
541 910 566 923 ΛΓ
575 909 623 923 ΛΝᾺ
630 910 748 924 ΡᾺᾺ-ΝΓᾺἎ
756 910 785 922 ΑΛ
792 911 859 926 'NR'N'X
865 911 911 925 *sn*
918 912 960 925 W
967 912 980 925 ,ἢ
990 913 997 918 ”“
1006 912 1015 920 V*
1026 912 1064 926 “fil

209 1040 317 1091 nactus
333 1035 533 1091 occasionem
555 1053 595 1091 ex
616 1035 747 1091 consilio
762 1053 898 1106 suorum,
913 1037 1013 1109 ipsum
1028 1036 1068 1094 ad

209 1132 241 1170 se
256 1115 381 1172 vocavit
396 1121 426 1171 et
441 1114 527 1188 quod
548 1133 653 1172 secum
673 1115 841 1190 cogitasset
859 1115 1006 1189 quodque
1021 1117 1067 1173 sui
1091 1163 1100 1178 ,

208 1195 264 1251 sibi
278 1193 455 1266 suaderent,
470 1191 626 1252 indicavit.
639 1195 701 1266 Ille,
713 1195 765 1268 qui
777 1201 844 1252 toto
855 1196 958 1253 animo
970 1195 1010 1253 ad
1021 1214 1068 1254 re-

209 1274 308 1331 ditum
325 1275 355 1330 in
370 1275 561 1333 Pannoniam
576 1293 746 1333 conversus
761 1282 837 1345 erat,
850 1276 951 1349 primo
966 1294 999 1332 se
1015 1294 1068 1334 ex-

210 1371 318 1412 cusare
333 1372 369 1412 ac
384 1354 547 1430 legationis
563 1374 635 1412 suae
648 1374 759 1414 munus
771 1355 855 1412 velut
866 1356 1068 1430 impedimen-

208 1443 272 1490 tum
284 1434 429 1510 allegare,
444 1437 643 1509 omniumque
655 1453 779 1493 suarum
791 1453 893 1493 rerum
905 1437 1066 1510 perturba-

207 1515 326 1572 tionem
343 1515 426 1573 illinc
442 1523 618 1573 secuturam
633 1515 746 1573 dicere.
767 1515 828 1574 Sed
843 1533 914 1573 cum
929 1534 986 1573 rex
1001 1517 1067 1574 nul-

209 1595 252 1652 las
267 1596 486 1654 excusationes
506 1595 683 1654 admitteret
703 1602 734 1653 et
752 1596 852 1653 fatalis
871 1597 952 1653 illius
967 1597 1066 1654 eccle·

208 1677 270 1732 siae
285 1677 466 1733 instauratio
481 1677 609 1752 vigeret,
623 1676 841 1734 condicionem
857 1677 985 1750 accepit.

207 1773 376 1874 XXIII
418 1757 555 1830 Moxque
571 1757 733 1832 legationis
753 1775 826 1814 suae
845 1757 930 1814 exitu
949 1775 1005 1831 per
1020 1758 1065 1815 in·

382 1852 393 1873 ·
416 1837 604 1895 ternuntium
613 1836 1067 1912 Ungarissignificato,adLeo-

208 1916 304 1988 polim
319 1917 377 1972 iter
392 1918 529 1990 arripuit.
545 1915 798 1992 Congregaverat
813 1917 844 1974 in
859 1917 995 1992 Ungaria
1013 1918 1066 1974 ho·

209 1996 304 2052 nestis
322 2014 415 2070 quam
432 1997 572 2071 plurimis
593 1997 773 2068 rationibus,
795 1997 850 2054 sed
873 1998 1011 2072 inprimis
1026 2016 1066 2054 ex

208 2075 358 2134 fructibus
374 2078 575 2135 canonicatus
587 2095 650 2134 non
662 2095 788 2150 parvam
800 2096 951 2134 summam
972 2095 1066 2152 pecu-

208 2157 337 2228 niarum,
352 2174 388 2214 ac
403 2157 536 2231 proinde
551 2157 641 2214 facile
660 2157 775 2229 habuit,
785 2158 1065 2232 ‘archiepiscopalis

208 2237 289 2294 sedis
298 2238 529 2310 possessionem
541 2237 688 2308 aditurus,
703 2256 736 2294 se
748 2238 848 2311 ipsum
859 2244 891 2294 et
901 2237 1065 2296 familiares

210 2334 317 2374 omnes
332 2318 371 2374 ad
387 2317 545 2393 dignitatis
560 2318 754 2375 honestatem
770 2319 968 2393 componere.
991 2319 1065 2376 Vul-

207 2404 278 2472 gata
297 2406 364 2455 erat
386 2398 564 2455 iamdudum
584 2396 666 2454 fama
685 2398 845 2455 electionis
861 2416 943 2469 suae,
963 2397 1065 2456 sedet

207 2479 303 2534 virtus
318 2478 523 2552 probitasque
536 2479 631 2551 ipsius
643 2496 707 2535 non
719 2478 866 2535 silebatur
881 2496 917 2536 ac
931 2479 1064 2552 proinde

207 2575 320 2632 magno
336 2575 407 2615 cum
423 2558 578 2617 desiderio
593 2559 751 2632 expectari
771 2559 810 2615 ab
830 2558 973 2615 omnibus
993 2575 1065 2616 coe-

207 2644 302 2710 perat.
311 2636 457 2696 Ceterum
465 2639 642 2696 venientem
654 2638 769 2696 maiore
781 2639 938 2695 alacritate
947 2639 1065 2696 animo-

206 2734 283 2789 rum,
297 2736 389 2791 quam
406 2719 586 2776 celebritate
600 2736 742 2792 pompae,
758 2725 970 2792 susceperunt.
992 2718 1063 2776 Rari

207 2798 336 2856 aderant
355 2799 533 2856 sacerdotes
548 2805 580 2856 et
594 2798 635 2855 illi
652 2799 709 2872 ipsi
725 2798 915 2856 calamitates
929 2799 1063 2872 proximi

207 2879 356 2952 temporis
371 2879 536 2937 miserabili
553 2879 657 2937 habitu
672 2897 747 2952 prae
758 2897 791 2936 se
803 2879 951 2951 ferentes;
968 2879 1062 2936 ceteri

206 2965 258 3014 aut
273 2959 303 3015 in
316 2959 409 3016 exilio
421 2960 565 3035 agebant,
577 2965 629 3015 aut
639 2959 847 3030 decesserant,
858 2977 929 3016 cum
942 2959 1063 3016 interim

208 3038 308 3094 nullus
328 3039 359 3094 in
379 3037 612 3096 demortuorum
635 3038 705 3097 loco
727 3039 929 3096 sufficeretur.
952 3037 1064 3112 Coepit

208 3118 310 3192 itaque
322 3119 424 3176 statim
436 3118 604 3195 Gregorius
616 3137 656 3176 ex
666 3126 729 3176 tam
741 3119 818 3176 tristi
830 3127 958 3193 aspectu
969 3120 1064 3177 totius

208 3200 249 3254 rei
265 3198 470 3256 calamitatem
485 3199 693 3270 considerare,
704 3217 768 3256 non
779 3206 882 3256 tamen
894 3200 994 3258 adhuc
1010 3218 1064 3257 no-

207 3297 277 3336 men
297 3280 364 3336 sine
382 3297 416 3336 re
435 3279 536 3352 aliqua
555 3297 623 3336 esse
641 3279 797 3337 credebat.
818 3278 879 3338 Sed
897 3286 1063 3353 postquam

209 3359 335 3416 omnino
351 3359 424 3416 nihil
444 3361 495 3431 ibi,
515 3378 578 3433 quo
598 3359 646 3416 vel
666 3360 778 3417 misere
799 3360 975 3431 nutriretur,
995 3379 1062 3417 esse

210 3440 370 3513 comperit,
392 3439 557 3498 alacrimis
572 3441 636 3497 non
651 3447 828 3513 temperans
843 3446 959 3497 sortem
974 3458 1060 3496 suam

208 3517 371 3592 deplorare
378 3538 542 3595 aggressus
551 3527 607 3590 est,
621 3520 673 3593 qui
685 3538 702 3577 e
713 3520 929 3577 florentissima
939 3520 1062 3577 vivendi

208 3599 326 3656 ratione
338 3598 378 3657 ad
389 3601 532 3657 miseram
540 3598 761 3673 difficilemque
769 3600 863 3657 vitam
875 3599 955 3657 foret
966 3606 1062 3656 trans·

208 3679 294 3736 latus,
309 3679 349 3736 Et
363 3681 464 3753 primo
479 3680 605 3754 quidem
620 3679 734 3737 relictis
749 3681 892 3737 omnibus
907 3680 1008 3737 redire
1023 3679 1063 3737 ad

208 3760 324 3817 amicos
340 3761 370 3816 in
385 3760 552 3836 Ungariam
566 3760 733 3836 cogitabat,
752 3759 875 3831 deinde,
890 3766 924 3816 ut
937 3766 1003 3818 erat
1017 3760 1064 3817 vir

208 3842 276 3912 pius
292 3846 323 3896 et
337 3840 509 3916 religiosus,
524 3847 589 3898 tota
604 3842 635 3897 in
650 3840 750 3897 Deum
765 3847 869 3897 mente
884 3857 1062 3911 conversus,

208 3920 347 3991 instituit,
361 3919 571 3994 quodcunque
591 3920 694 3977 oneris
713 3921 771 3978 sibi
791 3920 968 3994 impositum
987 3927 1062 3992 erat,

207 3999 328 4057 fortiter
342 3999 431 4072 serre,
446 4002 533 4075 quasi
548 4001 652 4058 oblata
670 4001 728 4058 sibi
743 4001 871 4075 copiosa
889 4001 1061 4058 materiam

206 4080 262 4137 Dei
278 4081 368 4137 vinea
384 4099 416 4138 se
432 4081 532 4155 ipsum
547 4080 723 4139 exercendi.
