3240 5478
554 779 754 832 GREGORIUS
773 779 962 831 SANOCEUS.

556 852 724 864 ιννννννννν
726 851 778 863 vvv
780 851 898 884 vvxauvvx:
934 847 1388 884 'Jwvvxrvvvvvvmmslxmx-'Vvvxsts

1034 872 1137 885 MAN»
1154 872 1178 884 s
1196 868 1274 881 summ
1280 869 1345 881 avvv
1390 875 1398 882 υ

555 1016 589 1054 sa
599 995 921 1068 dicebat‚·civiliusque
929 994 1118 1053 Graecorum
1131 996 1313 1066 institutum,
1324 995 1411 1068 quod

555 1079 586 1134 in
601 1075 682 1134 facili
698 1075 861 1149 repudium
880 1077 982 1149 ponit:
1005 1077 1134 1134 multum
1153 1095 1193 1134 ex
1208 1077 1349 1133 muliebri
1366 1076 1412 1131 in-

555 1158 705 1231 temperie
717 1174 753 1213 ac
764 1156 933 1230 petulantia
944 1158 1124 1230 periturum,
1135 1158 1159 1212 si
1172 1157 1322 1213 sentirent
1334 1174 1412 1212 uxo-

556 1257 605 1295 res
621 1240 651 1294 in
665 1238 795 1294 arbitrio
814 1233 955 1294 viroruni
971 1255 1039 1293 esse
1058 1237 1194 1311 repudia.
1211 1237 1319 1309 Neque
1334 1254 1410 1293 vero

556 1317 693 1392 putabat,
714 1317 783 1374 illos
802 1336 820 1373 a
834 1317 902 1374 Deo
922 1318 1107 1375 coniunctos
1126 1316 1187 1374 dici
1207 1335 1309 1392 posse,
1331 1318 1411 1374 inter

555 1417 634 1472 quos
650 1398 761 1456 caritas
780 1415 844 1454 non
864 1404 955 1468 esset,
974 1414 1010 1454 ac
1031 1397 1163 1471 proinde
1179 1404 1320 1455 cessante
1336 1398 1413 1454 cari-

555 1487 618 1536 tate
629 1478 828 1536 dissolvenda
840 1477 1043 1548 matrimonia,
1055 1479 1140 1550 quasi
1155 1479 1214 1534 iam
1225 1478 1293 1535 Deo
1305 1478 1410 1533 invisa.

553 1559 614 1617 Sed
629 1566 661 1615 et
675 1559 801 1615 stultum
816 1566 848 1615 et
862 1559 1070 1632 periculosum
1090 1558 1196 1630 videri,
1218 1576 1332 1634 cogere
1347 1576 1411 1627 eos,

555 1641 607 1712 qui
623 1640 679 1696 sibi
698 1639 829 1695 invicem
846 1639 907 1694 sint
922 1638 1021 1709 invisi,
1042 1646 1076 1695 ut
1090 1639 1206 1712 pariter
1221 1639 1360 1695 habitent
1374 1655 1410 1694 ac

555 1721 667 1777 vivant.

554 1817 719 1919 XLIII
767 1798 929 1856 Iocabatur
940 1799 1412 1868 etiaminterdumillisinrebus,

574 1889 575 1892 ’
724 1895 735 1917 ·
766 1897 845 1952 quae
860 1880 899 1936 ad
910 1880 1091 1954 religionem
1104 1881 1260 1954 pertinere
1271 1880 1411 1937 videren-

555 1969 614 2032 tur,
629 1968 660 2017 et
675 1961 938 2034 importunitatem
954 1977 1071 2031 eorum,
1091 1961 1142 2032 qui
1158 1967 1212 2016 aut
1226 1966 1410 2033 quaererent

555 2048 607 2098 aut
621 2041 765 2097 efferrent
779 2043 819 2098 ab
834 2039 939 2098 officio
954 2058 1011 2097 suo
1022 2040 1144 2097 diversa
1159 2048 1190 2096 et
1205 2040 1410 2108 abhorrentia,

556 2139 612 2195 per
627 2121 817 2178 urbanitates
833 2120 986 2178 eludebat.
1002 2120 1199 2194 Quandoque
1219 2121 1310 2177 etiam
1325 2120 1410 2176 utilia

555 2201 666 2258 eodem
678 2201 773 2258 modo
785 2201 971 2275 proferebat.
984 2200 1116 2274 Quidam
1125 2199 1339 2258 ratiocinando
1347 2200 1411 2256 col-

554 2283 671 2358 legerat
682 2280 786 2355 plures
797 2280 1026 2355 propemodum
1039 2281 1156 2338 otiosos
1169 2280 1235 2338 dies
1251 2299 1342 2354 quam
1358 2298 1410 2336 ne-

555 2364 695 2437 gotiosos
717 2380 795 2432 esse,
821 2379 951 2433 eamque
975 2379 1050 2431 rem,
1077 2362 1101 2417 si
1128 2362 1287 2418 arbitrium
1313 2378 1409 2433 penes

556 2444 655 2514 ipsum
671 2441 760 2512 soret,
775 2441 1011 2498 emendaturum
1033 2460 1067 2497 se
1082 2449 1153 2497 ante
1169 2443 1272 2498 omnia
1286 2441 1409 2497 dicebat

555 2529 723 2595 etpraeter
737 2538 908 2595 paucorum
929 2529 1107 2579 sanctorum
1123 2522 1345 2578 sollemnitates
1360 2537 1410 2576 ce-

554 2609 636 2659 teras
645 2609 916 2659 exauctoratumm
928 2620 997 2659 esse
1008 2602 1214 2675 daturumque
1226 2619 1362 2675 operam,
1370 2619 1409 2656 ne

555 2689 602 2740 tot
616 2683 829 2740 vacationibus
849 2690 879 2739 et
898 2682 981 2738 feriis
997 2683 1137 2740 homines
1151 2683 1245 2739 veluti
1261 2699 1410 2756 cogeren-

555 2770 605 2819 tur
619 2764 650 2819 in
665 2769 846 2837 paupertate
858 2780 894 2819 ac
906 2781 1008 2819 rerum
1020 2764 1158 2819 omnium
1170 2763 1274 2835 inopia
1285 2762 1408 2818 versari.

554 2842 605 2900 Ad
620 2861 712 2917 quem
727 2842 909 2918 Gregorius:
929 2842 998 2899 Noli
1019 2843 1059 2899 de
1079 2842 1291 2899 imminuendo
1311 2842 1409 2899 eccle-

555 2925 667 2980 siarum
687 2923 829 2999 vectigali
850 2924 979 2997 agitare,
999 2941 1037 2979 an
1057 2931 1090 2980 tu
1110 2924 1245 2998 ignoraS,
1264 2921 1350 2996 quod
1369 2941 1409 2978 ex

555 3005 672 3061 crebris
691 3003 949 3061 sollemnitatibus
974 3003 1102 3060 crebrae
1124 3011 1195 3060 sunt
1216 3003 1409 3060 oblationes?

554 3085 676 3141 Dicenti
692 3091 807 3141 autern:
827 3084 911 3140 Deus
927 3080 981 3160 [in]
998 3084 1085 3140 malis
1103 3090 1230 3141 exercet
1248 3085 1358 3153 bonoS,
1377 3089 1410 3138 ut

554 3182 646 3221 verae
663 3164 782 3220 virtutis
803 3164 951 3238 colligant
970 3165 1066 3221 robur
1080 3197 1119 3205 -
1134 3165 1223 3234 male,
1243 3163 1351 3236 inquit,
1370 3162 1410 3219 de

555 3244 607 3301 illo
622 3245 727 3314 sentis,
741 3245 765 3300 si
782 3262 845 3301 non
861 3245 957 3314 aliter,
977 3261 1068 3316 quam
1088 3244 1202 3301 athleta
1216 3244 1410 3318 corporibus,

555 3326 621 3397 ipse
636 3324 790 3381 mentibus
805 3341 932 3380 suorum
947 3324 1123 3382 firmitatem
1139 3326 1281 3400 ingerere
1295 3330 1408 3398 potest.

555 3403 764 3462 Observantes
778 3405 860 3461 beati
874 3404 1031 3462 Francisci
1045 3405 1184 3480 regulam
1195 3404 1410 3462 callidissimos

555 3483 730 3542 mortalium
753 3483 886 3555 dicebat,
913 3484 998 3557 quod
1018 3486 1076 3542 sub
1095 3485 1285 3559 paupertatis
1312 3483 1410 3560 gloria

556 3565 677 3622 divitias
693 3566 878 3637 conquirant
893 3572 925 3621 et
938 3567 1140 3638 pecuniarum
1156 3565 1261 3622 odium
1276 3564 1408 3637 professi

554 3647 669 3718 passim
684 3663 736 3701 eas
750 3644 956 3712 emendicent.
976 3644 1054 3704 Cum
1066 3646 1154 3703 aliter
1165 3652 1247 3702 esset
1258 3645 1409 3701 animatus

555 3726 676 3798 illisque
690 3725 824 3782 maxime
845 3725 1029 3797 afficeretur,
1049 3745 1151 3799 neque
1170 3726 1269 3783 solum
1290 3725 1411 3781 institu-

554 3815 619 3864 tum
628 3823 735 3864 eorum
744 3806 1188 3880 summoperecommendaret,
1199 3821 1307 3863 verum
1318 3806 1410 3863 etiam

554 3893 692 3944 tueretur
711 3885 750 3943 ab
770 3886 918 3960 improbis
938 3893 969 3943 et
983 3886 1170 3960 quotidianis
1190 3884 1350 3943 beneficiis
1365 3885 1410 3941 fo-

554 3973 649 4037 veret,
664 3966 719 4024 sed
734 3973 765 4023 et
779 3966 942 4041 agentibus
957 3975 1066 4025 contra
1084 3985 1139 4024 eos
1159 3967 1318 4024 canonicis
1338 3965 1409 4035 suia,

554 4047 640 4119 quasi
656 4047 744 4104 novis
763 4045 948 4119 quibusdam
969 4054 1000 4104 et
1019 4048 1240 4121 superstitiosis
1260 4047 1409 4104 oaerimo-

553 4126 612 4183 niis
630 4126 779 4199 populum
799 4126 838 4184 ad
857 4145 890 4184 se
914 4128 1111 4198 attraherent,
1135 4127 1408 4199 asserentibusque
