<?xml version="1.0" encoding="UTF-8"?>
<!DOCTYPE html PUBLIC "-//W3C//DTD XHTML 1.0 Transitional//EN"
    "http://www.w3.org/TR/xhtml1/DTD/xhtml1-transitional.dtd">
<html xmlns="http://www.w3.org/1999/xhtml" xml:lang="en" lang="en">
 <head>
  <title>
</title>
<meta http-equiv="Content-Type" content="text/html;charset=utf-8" />
  <meta name='ocr-system' content='tesseract 3.04.00' />
  <meta name='ocr-capabilities' content='ocr_page ocr_carea ocr_par ocr_line ocrx_word'/>
</head>
<body>
  <div class='ocr_page' id='page_1' title='image "./philippibuonacc00miodgoog_0036.png"; bbox 0 0 3240 5478; ppageno 0'>
   <div class='ocr_carea' id='block_1_1' title="bbox 917 797 1076 848">
    <p class='ocr_par' dir='ltr' id='par_1_1' title="bbox 917 797 1076 848">
     <span class='ocr_line' id='line_1_1' title="bbox 917 797 1076 848; baseline 0.006 -2"><span class='ocrx_word' id='word_1_1' title='bbox 917 798 994 848; x_wconf 87' lang='lat' dir='ltr'><strong>FOL.</strong></span> <span class='ocrx_word' id='word_1_2' title='bbox 1013 797 1076 847; x_wconf 89' lang='lat' dir='ltr'>XVI</span> 
     </span>
    </p>
   </div>
   <div class='ocr_carea' id='block_1_2' title="bbox 218 867 1076 902">
    <p class='ocr_par' dir='ltr' id='par_1_2' title="bbox 218 867 1076 902">
     <span class='ocr_line' id='line_1_2' title="bbox 218 867 1076 902; baseline 0.002 -2"><span class='ocrx_word' id='word_1_3' title='bbox 218 867 1076 902; x_wconf 45' lang='lat' dir='ltr'>mmmmm</span> 
     </span>
    </p>
   </div>
   <div class='ocr_carea' id='block_1_3' title="bbox 151 1009 1078 4222">
    <p class='ocr_par' dir='ltr' id='par_1_3' title="bbox 218 1009 1078 2775">
     <span class='ocr_line' id='line_1_3' title="bbox 218 1009 1076 1087; baseline 0 -17"><span class='ocrx_word' id='word_1_4' title='bbox 218 1011 279 1070; x_wconf 93' lang='lat' dir='ltr'>bat.</span> <span class='ocrx_word' id='word_1_5' title='bbox 291 1010 401 1069; x_wconf 93' lang='lat' dir='ltr'>Nullus</span> <span class='ocrx_word' id='word_1_6' title='bbox 413 1011 510 1083; x_wconf 92' lang='lat' dir='ltr'>locus,</span> <span class='ocrx_word' id='word_1_7' title='bbox 521 1009 605 1068; x_wconf 91' lang='lat' dir='ltr'>nulla</span> <span class='ocrx_word' id='word_1_8' title='bbox 616 1028 732 1082; x_wconf 91' lang='lat' dir='ltr'>mensa,</span> <span class='ocrx_word' id='word_1_9' title='bbox 743 1010 827 1068; x_wconf 90' lang='lat' dir='ltr'>nulla</span> <span class='ocrx_word' id='word_1_10' title='bbox 834 1011 947 1087; x_wconf 89' lang='lat' dir='ltr'>vigilia,</span> <span class='ocrx_word' id='word_1_11' title='bbox 958 1011 1076 1070; x_wconf 89' lang='lat' dir='ltr'>nullum</span> 
     </span>
     <span class='ocr_line' id='line_1_4' title="bbox 218 1090 1077 1167; baseline 0.001 -18"><span class='ocrx_word' id='word_1_12' title='bbox 218 1099 341 1166; x_wconf 88' lang='lat' dir='ltr'>tempus</span> <span class='ocrx_word' id='word_1_13' title='bbox 357 1091 424 1149; x_wconf 94' lang='lat' dir='ltr'>sine</span> <span class='ocrx_word' id='word_1_14' title='bbox 435 1092 566 1149; x_wconf 90' lang='lat' dir='ltr'>honesta</span> <span class='ocrx_word' id='word_1_15' title='bbox 577 1090 828 1149; x_wconf 86' lang='lat' dir='ltr'>confabulatione</span> <span class='ocrx_word' id='word_1_16' title='bbox 839 1091 1077 1167; x_wconf 84' lang='lat' dir='ltr'>transigebatur,</span> 
     </span>
     <span class='ocr_line' id='line_1_5' title="bbox 220 1171 1077 1246; baseline 0.001 -17"><span class='ocrx_word' id='word_1_17' title='bbox 220 1173 251 1229; x_wconf 94' lang='lat' dir='ltr'>in</span> <span class='ocrx_word' id='word_1_18' title='bbox 264 1189 465 1246; x_wconf 91' lang='lat' dir='ltr'>quocumque</span> <span class='ocrx_word' id='word_1_19' title='bbox 480 1189 623 1230; x_wconf 90' lang='lat' dir='ltr'>sermone</span> <span class='ocrx_word' id='word_1_20' title='bbox 634 1172 734 1245; x_wconf 91' lang='lat' dir='ltr'>prima</span> <span class='ocrx_word' id='word_1_21' title='bbox 745 1178 811 1230; x_wconf 88' lang='lat' dir='ltr'>erat</span> <span class='ocrx_word' id='word_1_22' title='bbox 822 1171 862 1229; x_wconf 94' lang='lat' dir='ltr'>de</span> <span class='ocrx_word' id='word_1_23' title='bbox 873 1171 1016 1230; x_wconf 90' lang='lat' dir='ltr'>doctrina</span> <span class='ocrx_word' id='word_1_24' title='bbox 1030 1190 1077 1230; x_wconf 91' lang='lat' dir='ltr'>ra-</span> 
     </span>
     <span class='ocr_line' id='line_1_6' title="bbox 220 1252 1077 1328; baseline 0.001 -18"><span class='ocrx_word' id='word_1_25' title='bbox 220 1253 271 1310; x_wconf 94' lang='lat' dir='ltr'>tio.</span> <span class='ocrx_word' id='word_1_26' title='bbox 282 1253 389 1326; x_wconf 91' lang='lat' dir='ltr'>Itaque</span> <span class='ocrx_word' id='word_1_27' title='bbox 401 1252 475 1309; x_wconf 86' lang='lat' dir='ltr'>nihil</span> <span class='ocrx_word' id='word_1_28' title='bbox 487 1270 525 1310; x_wconf 89' lang='lat' dir='ltr'>eo</span> <span class='ocrx_word' id='word_1_29' title='bbox 538 1252 744 1310; x_wconf 91' lang='lat' dir='ltr'>contubernio</span> <span class='ocrx_word' id='word_1_30' title='bbox 755 1252 888 1328; x_wconf 91' lang='lat' dir='ltr'>dignius,</span> <span class='ocrx_word' id='word_1_31' title='bbox 903 1252 977 1309; x_wconf 87' lang='lat' dir='ltr'>nihil</span> <span class='ocrx_word' id='word_1_32' title='bbox 989 1270 1077 1311; x_wconf 92' lang='lat' dir='ltr'>sanc-</span> 
     </span>
     <span class='ocr_line' id='line_1_7' title="bbox 219 1331 1076 1407; baseline 0 -16"><span class='ocrx_word' id='word_1_33' title='bbox 219 1334 279 1391; x_wconf 85' lang='lat' dir='ltr'>tius</span> <span class='ocrx_word' id='word_1_34' title='bbox 294 1351 363 1391; x_wconf 90' lang='lat' dir='ltr'>esse</span> <span class='ocrx_word' id='word_1_35' title='bbox 377 1339 513 1407; x_wconf 90' lang='lat' dir='ltr'>poterat;</span> <span class='ocrx_word' id='word_1_36' title='bbox 536 1350 644 1390; x_wconf 93' lang='lat' dir='ltr'>omnes</span> <span class='ocrx_word' id='word_1_37' title='bbox 660 1350 819 1390; x_wconf 85' lang='lat' dir='ltr'><strong>sermones</strong></span> <span class='ocrx_word' id='word_1_38' title='bbox 835 1339 887 1390; x_wconf 88' lang='lat' dir='ltr'>aut</span> <span class='ocrx_word' id='word_1_39' title='bbox 905 1332 945 1390; x_wconf 92' lang='lat' dir='ltr'>de</span> <span class='ocrx_word' id='word_1_40' title='bbox 963 1331 1076 1391; x_wconf 91' lang='lat' dir='ltr'>virtute</span> 
     </span>
     <span class='ocr_line' id='line_1_8' title="bbox 220 1413 1077 1486; baseline -0.001 -15"><span class='ocrx_word' id='word_1_41' title='bbox 220 1421 273 1471; x_wconf 90' lang='lat' dir='ltr'>aut</span> <span class='ocrx_word' id='word_1_42' title='bbox 286 1413 327 1471; x_wconf 92' lang='lat' dir='ltr'>ad</span> <span class='ocrx_word' id='word_1_43' title='bbox 341 1414 487 1470; x_wconf 90' lang='lat' dir='ltr'>virtutem</span> <span class='ocrx_word' id='word_1_44' title='bbox 503 1413 751 1470; x_wconf 88' lang='lat' dir='ltr'>instituebantur.</span> <span class='ocrx_word' id='word_1_45' title='bbox 766 1413 918 1471; x_wconf 89' lang='lat' dir='ltr'>Procaces</span> <span class='ocrx_word' id='word_1_46' title='bbox 933 1419 964 1470; x_wconf 91' lang='lat' dir='ltr'>et</span> <span class='ocrx_word' id='word_1_47' title='bbox 979 1413 1077 1486; x_wconf 92' lang='lat' dir='ltr'>impu-</span> 
     </span>
     <span class='ocr_line' id='line_1_9' title="bbox 219 1493 1078 1567; baseline -0.001 -16"><span class='ocrx_word' id='word_1_48' title='bbox 219 1512 270 1552; x_wconf 88' lang='lat' dir='ltr'>rae</span> <span class='ocrx_word' id='word_1_49' title='bbox 285 1494 417 1552; x_wconf 83' lang='lat' dir='ltr'>fabellae</span> <span class='ocrx_word' id='word_1_50' title='bbox 433 1493 674 1567; x_wconf 88' lang='lat' dir='ltr'>dicacitatesque</span> <span class='ocrx_word' id='word_1_51' title='bbox 686 1493 871 1564; x_wconf 86' lang='lat' dir='ltr'>obscoenae,</span> <span class='ocrx_word' id='word_1_52' title='bbox 886 1494 998 1567; x_wconf 91' lang='lat' dir='ltr'>quibus</span> <span class='ocrx_word' id='word_1_53' title='bbox 1012 1494 1078 1567; x_wconf 90' lang='lat' dir='ltr'>ple-</span> 
     </span>
     <span class='ocr_line' id='line_1_10' title="bbox 219 1573 1077 1649; baseline 0.002 -19"><span class='ocrx_word' id='word_1_54' title='bbox 219 1575 307 1648; x_wconf 89' lang='lat' dir='ltr'>rique</span> <span class='ocrx_word' id='word_1_55' title='bbox 322 1574 372 1632; x_wconf 93' lang='lat' dir='ltr'>alii</span> <span class='ocrx_word' id='word_1_56' title='bbox 392 1573 477 1631; x_wconf 92' lang='lat' dir='ltr'>velut</span> <span class='ocrx_word' id='word_1_57' title='bbox 497 1574 633 1630; x_wconf 90' lang='lat' dir='ltr'>animum</span> <span class='ocrx_word' id='word_1_58' title='bbox 654 1573 822 1632; x_wconf 85' lang='lat' dir='ltr'>relaxaturi</span> <span class='ocrx_word' id='word_1_59' title='bbox 844 1573 920 1631; x_wconf 89' lang='lat' dir='ltr'>dant</span> <span class='ocrx_word' id='word_1_60' title='bbox 940 1591 1077 1649; x_wconf 86' lang='lat' dir='ltr'>operam,</span> 
     </span>
     <span class='ocr_line' id='line_1_11' title="bbox 220 1654 1078 1729; baseline 0.001 -18"><span class='ocrx_word' id='word_1_61' title='bbox 220 1655 280 1712; x_wconf 93' lang='lat' dir='ltr'>illic</span> <span class='ocrx_word' id='word_1_62' title='bbox 289 1673 347 1729; x_wconf 89' lang='lat' dir='ltr'>pro</span> <span class='ocrx_word' id='word_1_63' title='bbox 359 1654 479 1712; x_wconf 89' lang='lat' dir='ltr'>nefario</span> <span class='ocrx_word' id='word_1_64' title='bbox 487 1654 616 1712; x_wconf 90' lang='lat' dir='ltr'>crimine</span> <span class='ocrx_word' id='word_1_65' title='bbox 623 1654 825 1726; x_wconf 92' lang='lat' dir='ltr'>habebantur,</span> <span class='ocrx_word' id='word_1_66' title='bbox 836 1661 982 1728; x_wconf 86' lang='lat' dir='ltr'>tanquam</span> <span class='ocrx_word' id='word_1_67' title='bbox 989 1673 1078 1729; x_wconf 91' lang='lat' dir='ltr'>prae-</span> 
     </span>
     <span class='ocr_line' id='line_1_12' title="bbox 220 1734 1078 1808; baseline 0 -16"><span class='ocrx_word' id='word_1_68' title='bbox 220 1735 337 1792; x_wconf 92' lang='lat' dir='ltr'>ludium</span> <span class='ocrx_word' id='word_1_69' title='bbox 349 1734 513 1808; x_wconf 87' lang='lat' dir='ltr'>aditusque</span> <span class='ocrx_word' id='word_1_70' title='bbox 521 1734 631 1808; x_wconf 87' lang='lat' dir='ltr'>aliquis</span> <span class='ocrx_word' id='word_1_71' title='bbox 643 1734 683 1793; x_wconf 93' lang='lat' dir='ltr'>ad</span> <span class='ocrx_word' id='word_1_72' title='bbox 694 1734 832 1792; x_wconf 82' lang='lat' dir='ltr'>facinora</span> <span class='ocrx_word' id='word_1_73' title='bbox 837 1752 844 1808; x_wconf 93' lang='lat'>;</span> <span class='ocrx_word' id='word_1_74' title='bbox 857 1752 915 1793; x_wconf 95' lang='lat' dir='ltr'>nec</span> <span class='ocrx_word' id='word_1_75' title='bbox 926 1735 1078 1808; x_wconf 90' lang='lat' dir='ltr'>putabant</span> 
     </span>
     <span class='ocr_line' id='line_1_13' title="bbox 219 1815 1078 1890; baseline 0 -18"><span class='ocrx_word' id='word_1_76' title='bbox 219 1816 285 1874; x_wconf 89' lang='lat' dir='ltr'>fieri</span> <span class='ocrx_word' id='word_1_77' title='bbox 299 1833 403 1890; x_wconf 91' lang='lat' dir='ltr'>posse,</span> <span class='ocrx_word' id='word_1_78' title='bbox 418 1821 452 1873; x_wconf 93' lang='lat' dir='ltr'>ut</span> <span class='ocrx_word' id='word_1_79' title='bbox 466 1833 553 1873; x_wconf 89' lang='lat' dir='ltr'>mens</span> <span class='ocrx_word' id='word_1_80' title='bbox 569 1815 649 1871; x_wconf 91' lang='lat' dir='ltr'>illius</span> <span class='ocrx_word' id='word_1_81' title='bbox 663 1833 741 1889; x_wconf 93' lang='lat' dir='ltr'>pura</span> <span class='ocrx_word' id='word_1_82' title='bbox 755 1821 903 1886; x_wconf 88' lang='lat' dir='ltr'>maneret,</span> <span class='ocrx_word' id='word_1_83' title='bbox 918 1815 1005 1872; x_wconf 92' lang='lat' dir='ltr'>cuius</span> <span class='ocrx_word' id='word_1_84' title='bbox 1021 1815 1078 1872; x_wconf 93' lang='lat' dir='ltr'>lin-</span> 
     </span>
     <span class='ocr_line' id='line_1_14' title="bbox 221 1895 1077 1972; baseline 0 -20"><span class='ocrx_word' id='word_1_85' title='bbox 221 1914 281 1972; x_wconf 89' lang='lat' dir='ltr'>gua</span> <span class='ocrx_word' id='word_1_86' title='bbox 295 1901 327 1954; x_wconf 89' lang='lat' dir='ltr'>et</span> <span class='ocrx_word' id='word_1_87' title='bbox 340 1896 437 1954; x_wconf 89' lang='lat' dir='ltr'>verba</span> <span class='ocrx_word' id='word_1_88' title='bbox 451 1901 556 1953; x_wconf 87' lang='lat' dir='ltr'>essent</span> <span class='ocrx_word' id='word_1_89' title='bbox 571 1895 784 1969; x_wconf 88' lang='lat' dir='ltr'>impurissima.</span> <span class='ocrx_word' id='word_1_90' title='bbox 799 1896 874 1952; x_wconf 87' lang='lat' dir='ltr'>Erat</span> <span class='ocrx_word' id='word_1_91' title='bbox 886 1896 988 1969; x_wconf 91' lang='lat' dir='ltr'>itaque</span> <span class='ocrx_word' id='word_1_92' title='bbox 1004 1913 1077 1969; x_wconf 91' lang='lat' dir='ltr'>ope-</span> 
     </span>
     <span class='ocr_line' id='line_1_15' title="bbox 221 1975 1076 2051; baseline -0.002 -17"><span class='ocrx_word' id='word_1_93' title='bbox 221 1995 272 2034; x_wconf 88' lang='lat' dir='ltr'>rae</span> <span class='ocrx_word' id='word_1_94' title='bbox 293 1976 429 2051; x_wconf 90' lang='lat' dir='ltr'>pretium</span> <span class='ocrx_word' id='word_1_95' title='bbox 451 1975 562 2034; x_wconf 91' lang='lat' dir='ltr'>intueri</span> <span class='ocrx_word' id='word_1_96' title='bbox 584 1976 769 2049; x_wconf 90' lang='lat' dir='ltr'>episcopum</span> <span class='ocrx_word' id='word_1_97' title='bbox 783 1993 854 2033; x_wconf 92' lang='lat' dir='ltr'>cum</span> <span class='ocrx_word' id='word_1_98' title='bbox 880 1983 943 2033; x_wconf 91' lang='lat' dir='ltr'>tam</span> <span class='ocrx_word' id='word_1_99' title='bbox 968 1977 1076 2050; x_wconf 90' lang='lat' dir='ltr'>probis</span> 
     </span>
     <span class='ocr_line' id='line_1_16' title="bbox 220 2055 1077 2132; baseline -0.001 -18"><span class='ocrx_word' id='word_1_100' title='bbox 220 2057 292 2114; x_wconf 91' lang='lat' dir='ltr'>viris</span> <span class='ocrx_word' id='word_1_101' title='bbox 307 2057 348 2115; x_wconf 91' lang='lat' dir='ltr'>de</span> <span class='ocrx_word' id='word_1_102' title='bbox 363 2057 448 2114; x_wconf 91' lang='lat' dir='ltr'>omni</span> <span class='ocrx_word' id='word_1_103' title='bbox 462 2056 610 2115; x_wconf 90' lang='lat' dir='ltr'>virtutum</span> <span class='ocrx_word' id='word_1_104' title='bbox 625 2074 742 2132; x_wconf 86' lang='lat' dir='ltr'>genere</span> <span class='ocrx_word' id='word_1_105' title='bbox 757 2062 887 2127; x_wconf 89' lang='lat' dir='ltr'>certare,</span> <span class='ocrx_word' id='word_1_106' title='bbox 901 2055 969 2113; x_wconf 92' lang='lat' dir='ltr'>illos</span> <span class='ocrx_word' id='word_1_107' title='bbox 984 2057 1077 2114; x_wconf 87' lang='lat' dir='ltr'>etiam</span> 
     </span>
     <span class='ocr_line' id='line_1_17' title="bbox 220 2136 1075 2210; baseline 0 -16"><span class='ocrx_word' id='word_1_108' title='bbox 220 2138 393 2196; x_wconf 88' lang='lat' dir='ltr'>accuratius</span> <span class='ocrx_word' id='word_1_109' title='bbox 409 2136 578 2208; x_wconf 87' lang='lat' dir='ltr'>elaborare,</span> <span class='ocrx_word' id='word_1_110' title='bbox 600 2137 634 2193; x_wconf 86' lang='lat' dir='ltr'>ut</span> <span class='ocrx_word' id='word_1_111' title='bbox 649 2136 807 2194; x_wconf 91' lang='lat' dir='ltr'>doctiores</span> <span class='ocrx_word' id='word_1_112' title='bbox 822 2137 1029 2210; x_wconf 89' lang='lat' dir='ltr'>melioresque</span> <span class='ocrx_word' id='word_1_113' title='bbox 1045 2137 1075 2194; x_wconf 92' lang='lat' dir='ltr'>in</span> 
     </span>
     <span class='ocr_line' id='line_1_18' title="bbox 220 2216 1078 2290; baseline -0.002 -15"><span class='ocrx_word' id='word_1_114' title='bbox 220 2217 286 2276; x_wconf 87' lang='lat' dir='ltr'>dies</span> <span class='ocrx_word' id='word_1_115' title='bbox 301 2218 421 2289; x_wconf 90' lang='lat' dir='ltr'>fierent,</span> <span class='ocrx_word' id='word_1_116' title='bbox 436 2217 475 2274; x_wconf 93' lang='lat' dir='ltr'>ad</span> <span class='ocrx_word' id='word_1_117' title='bbox 491 2216 576 2290; x_wconf 93' lang='lat' dir='ltr'>quod</span> <span class='ocrx_word' id='word_1_118' title='bbox 592 2217 649 2274; x_wconf 89' lang='lat' dir='ltr'>etsi</span> <span class='ocrx_word' id='word_1_119' title='bbox 664 2217 747 2274; x_wconf 91' lang='lat' dir='ltr'>bona</span> <span class='ocrx_word' id='word_1_120' title='bbox 758 2235 812 2274; x_wconf 90' lang='lat' dir='ltr'>eos</span> <span class='ocrx_word' id='word_1_121' title='bbox 825 2224 933 2274; x_wconf 86' lang='lat' dir='ltr'>natura</span> <span class='ocrx_word' id='word_1_122' title='bbox 947 2224 979 2274; x_wconf 91' lang='lat' dir='ltr'>et</span> <span class='ocrx_word' id='word_1_123' title='bbox 993 2218 1078 2275; x_wconf 92' lang='lat' dir='ltr'>insti-</span> 
     </span>
     <span class='ocr_line' id='line_1_19' title="bbox 220 2297 1077 2372; baseline -0.001 -17"><span class='ocrx_word' id='word_1_124' title='bbox 220 2299 298 2356; x_wconf 84' lang='lat' dir='ltr'>tutio</span> <span class='ocrx_word' id='word_1_125' title='bbox 313 2298 457 2369; x_wconf 91' lang='lat' dir='ltr'>ducebat‚</span> <span class='ocrx_word' id='word_1_126' title='bbox 471 2304 575 2354; x_wconf 89' lang='lat' dir='ltr'>tamen</span> <span class='ocrx_word' id='word_1_127' title='bbox 590 2315 628 2354; x_wconf 89' lang='lat' dir='ltr'>eo</span> <span class='ocrx_word' id='word_1_128' title='bbox 644 2297 812 2370; x_wconf 89' lang='lat' dir='ltr'>impensius</span> <span class='ocrx_word' id='word_1_129' title='bbox 827 2316 860 2354; x_wconf 90' lang='lat' dir='ltr'>se</span> <span class='ocrx_word' id='word_1_130' title='bbox 872 2298 956 2372; x_wconf 90' lang='lat' dir='ltr'>ipsos</span> <span class='ocrx_word' id='word_1_131' title='bbox 971 2299 1077 2355; x_wconf 92' lang='lat' dir='ltr'>stimu-</span> 
     </span>
     <span class='ocr_line' id='line_1_20' title="bbox 220 2376 1077 2453; baseline -0.002 -17"><span class='ocrx_word' id='word_1_132' title='bbox 220 2379 333 2450; x_wconf 84' lang='lat' dir='ltr'>labant,</span> <span class='ocrx_word' id='word_1_133' title='bbox 349 2396 411 2452; x_wconf 92' lang='lat' dir='ltr'>quo</span> <span class='ocrx_word' id='word_1_134' title='bbox 427 2377 618 2435; x_wconf 82' lang='lat' dir='ltr'>manifestius</span> <span class='ocrx_word' id='word_1_135' title='bbox 635 2376 867 2453; x_wconf 86' lang='lat' dir='ltr'>intellegebant,</span> <span class='ocrx_word' id='word_1_136' title='bbox 881 2378 1004 2435; x_wconf 91' lang='lat' dir='ltr'>nonnisi</span> <span class='ocrx_word' id='word_1_137' title='bbox 1019 2395 1077 2453; x_wconf 91' lang='lat' dir='ltr'>per</span> 
     </span>
     <span class='ocr_line' id='line_1_21' title="bbox 220 2456 1076 2532; baseline -0.002 -16"><span class='ocrx_word' id='word_1_138' title='bbox 220 2460 365 2516; x_wconf 88' lang='lat' dir='ltr'>virtutem</span> <span class='ocrx_word' id='word_1_139' title='bbox 380 2476 483 2532; x_wconf 87' lang='lat' dir='ltr'>posse,</span> <span class='ocrx_word' id='word_1_140' title='bbox 497 2476 590 2532; x_wconf 91' lang='lat' dir='ltr'>quem</span> <span class='ocrx_word' id='word_1_141' title='bbox 601 2457 684 2514; x_wconf 86' lang='lat' dir='ltr'>nacti</span> <span class='ocrx_word' id='word_1_142' title='bbox 696 2465 793 2529; x_wconf 89' lang='lat' dir='ltr'>erant,</span> <span class='ocrx_word' id='word_1_143' title='bbox 807 2459 938 2515; x_wconf 87' lang='lat' dir='ltr'>honeste</span> <span class='ocrx_word' id='word_1_144' title='bbox 952 2456 1076 2516; x_wconf 90' lang='lat' dir='ltr'>vivendi</span> 
     </span>
     <span class='ocr_line' id='line_1_22' title="bbox 221 2538 1076 2612; baseline -0.002 -15"><span class='ocrx_word' id='word_1_145' title='bbox 221 2540 324 2598; x_wconf 92' lang='lat' dir='ltr'>locum</span> <span class='ocrx_word' id='word_1_146' title='bbox 340 2539 491 2597; x_wconf 91' lang='lat' dir='ltr'>obtinere.</span> <span class='ocrx_word' id='word_1_147' title='bbox 515 2538 667 2596; x_wconf 88' lang='lat' dir='ltr'>Assiduae</span> <span class='ocrx_word' id='word_1_148' title='bbox 687 2539 767 2596; x_wconf 91' lang='lat' dir='ltr'>inter</span> <span class='ocrx_word' id='word_1_149' title='bbox 781 2557 835 2596; x_wconf 94' lang='lat' dir='ltr'>eos</span> <span class='ocrx_word' id='word_1_150' title='bbox 851 2538 1076 2612; x_wconf 89' lang='lat' dir='ltr'>disputationes</span> 
     </span>
     <span class='ocr_line' id='line_1_23' title="bbox 220 2619 1077 2694; baseline -0.001 -17"><span class='ocrx_word' id='word_1_151' title='bbox 220 2627 308 2677; x_wconf 90' lang='lat' dir='ltr'>erant</span> <span class='ocrx_word' id='word_1_152' title='bbox 321 2619 487 2693; x_wconf 89' lang='lat' dir='ltr'>variaeque</span> <span class='ocrx_word' id='word_1_153' title='bbox 502 2619 772 2694; x_wconf 85' lang='lat' dir='ltr'>interrogationes,</span> <span class='ocrx_word' id='word_1_154' title='bbox 788 2625 887 2693; x_wconf 89' lang='lat' dir='ltr'>prout</span> <span class='ocrx_word' id='word_1_155' title='bbox 901 2637 950 2676; x_wconf 91' lang='lat' dir='ltr'>res</span> <span class='ocrx_word' id='word_1_156' title='bbox 966 2626 1018 2676; x_wconf 90' lang='lat' dir='ltr'>aut</span> <span class='ocrx_word' id='word_1_157' title='bbox 1033 2619 1077 2676; x_wconf 92' lang='lat' dir='ltr'>lo-</span> 
     </span>
     <span class='ocr_line' id='line_1_24' title="bbox 220 2699 684 2775; baseline -0.004 -17"><span class='ocrx_word' id='word_1_158' title='bbox 220 2718 274 2758; x_wconf 91' lang='lat' dir='ltr'>cus</span> <span class='ocrx_word' id='word_1_159' title='bbox 289 2706 342 2758; x_wconf 94' lang='lat' dir='ltr'>aut</span> <span class='ocrx_word' id='word_1_160' title='bbox 356 2706 479 2773; x_wconf 92' lang='lat' dir='ltr'>tempus</span> <span class='ocrx_word' id='word_1_161' title='bbox 493 2699 684 2775; x_wconf 82' lang='lat' dir='ltr'>efflagitaret.</span> 
     </span>
    </p>

    <p class='ocr_par' dir='ltr' id='par_1_4' title="bbox 151 2779 1078 4222">
     <span class='ocr_line' id='line_1_25' title="bbox 221 2779 1077 2934; baseline -0.004 -15"><span class='ocrx_word' id='word_1_162' title='bbox 221 2797 383 2898; x_wconf 77' lang='lat' dir='ltr'>xm.</span> <span class='ocrx_word' id='word_1_163' title='bbox 406 2779 1077 2934; x_wconf 61' lang='lat' dir='ltr'>tr§retribuunturstul:</span> 
     </span>
     <span class='ocr_line' id='line_1_26' title="bbox 220 2939 1077 3014; baseline 0.001 -18"><span class='ocrx_word' id='word_1_164' title='bbox 220 2939 315 3014; x_wconf 88' lang='lat' dir='ltr'>dique</span> <span class='ocrx_word' id='word_1_165' title='bbox 338 2941 429 3014; x_wconf 89' lang='lat' dir='ltr'>copia</span> <span class='ocrx_word' id='word_1_166' title='bbox 443 2941 622 2998; x_wconf 89' lang='lat' dir='ltr'>memoriter</span> <span class='ocrx_word' id='word_1_167' title='bbox 637 2947 668 2997; x_wconf 91' lang='lat' dir='ltr'>et</span> <span class='ocrx_word' id='word_1_168' title='bbox 682 2947 790 2997; x_wconf 91' lang='lat' dir='ltr'>ornate</span> <span class='ocrx_word' id='word_1_169' title='bbox 805 2941 1012 2998; x_wconf 90' lang='lat' dir='ltr'>recensuisset</span> <span class='ocrx_word' id='word_1_170' title='bbox 1025 2958 1077 2997; x_wconf 90' lang='lat' dir='ltr'>va-</span> 
     </span>
     <span class='ocr_line' id='line_1_27' title="bbox 221 3020 1078 3094; baseline -0.001 -16"><span class='ocrx_word' id='word_1_171' title='bbox 221 3021 361 3078; x_wconf 88' lang='lat' dir='ltr'>rietatem</span> <span class='ocrx_word' id='word_1_172' title='bbox 376 3020 518 3078; x_wconf 81' lang='lat' dir='ltr'>fortunae</span> <span class='ocrx_word' id='word_1_173' title='bbox 530 3021 690 3094; x_wconf 90' lang='lat' dir='ltr'>utriusque</span> <span class='ocrx_word' id='word_1_174' title='bbox 702 3020 878 3078; x_wconf 89' lang='lat' dir='ltr'>Pannoniae</span> <span class='ocrx_word' id='word_1_175' title='bbox 889 3027 921 3078; x_wconf 90' lang='lat' dir='ltr'>et</span> <span class='ocrx_word' id='word_1_176' title='bbox 932 3021 984 3094; x_wconf 90' lang='lat' dir='ltr'>qui</span> <span class='ocrx_word' id='word_1_177' title='bbox 996 3038 1078 3078; x_wconf 89' lang='lat' dir='ltr'>mor-</span> 
     </span>
     <span class='ocr_line' id='line_1_28' title="bbox 221 3101 1078 3174; baseline -0.001 -16"><span class='ocrx_word' id='word_1_178' title='bbox 221 3101 296 3159; x_wconf 87' lang='lat' dir='ltr'>tales</span> <span class='ocrx_word' id='word_1_179' title='bbox 312 3102 442 3159; x_wconf 86' lang='lat' dir='ltr'>diversis</span> <span class='ocrx_word' id='word_1_180' title='bbox 457 3101 649 3174; x_wconf 89' lang='lat' dir='ltr'>temporibus</span> <span class='ocrx_word' id='word_1_181' title='bbox 665 3119 716 3158; x_wconf 92' lang='lat' dir='ltr'>eas</span> <span class='ocrx_word' id='word_1_182' title='bbox 729 3107 826 3158; x_wconf 90' lang='lat' dir='ltr'>terras</span> <span class='ocrx_word' id='word_1_183' title='bbox 838 3102 1018 3172; x_wconf 90' lang='lat' dir='ltr'>tenuissent,</span> <span class='ocrx_word' id='word_1_184' title='bbox 1033 3102 1078 3157; x_wconf 92' lang='lat' dir='ltr'>in-</span> 
     </span>
     <span class='ocr_line' id='line_1_29' title="bbox 222 3181 1078 3257; baseline -0.001 -18"><span class='ocrx_word' id='word_1_185' title='bbox 222 3188 394 3257; x_wconf 87' lang='lat' dir='ltr'>terrogaret</span> <span class='ocrx_word' id='word_1_186' title='bbox 405 3181 600 3257; x_wconf 88' lang='lat' dir='ltr'>Gregorium,</span> <span class='ocrx_word' id='word_1_187' title='bbox 614 3181 763 3255; x_wconf 91' lang='lat' dir='ltr'>quidnam</span> <span class='ocrx_word' id='word_1_188' title='bbox 774 3181 814 3238; x_wconf 91' lang='lat' dir='ltr'>de</span> <span class='ocrx_word' id='word_1_189' title='bbox 824 3181 1014 3238; x_wconf 90' lang='lat' dir='ltr'>Polonorum</span> <span class='ocrx_word' id='word_1_190' title='bbox 1025 3200 1078 3238; x_wconf 88' lang='lat' dir='ltr'>an-</span> 
     </span>
     <span class='ocr_line' id='line_1_30' title="bbox 221 3261 1077 3335; baseline -0.001 -16"><span class='ocrx_word' id='word_1_191' title='bbox 221 3262 362 3335; x_wconf 86' lang='lat' dir='ltr'>tiquitate</span> <span class='ocrx_word' id='word_1_192' title='bbox 378 3263 515 3332; x_wconf 87' lang='lat' dir='ltr'>sentiret,</span> <span class='ocrx_word' id='word_1_193' title='bbox 530 3263 617 3318; x_wconf 93' lang='lat' dir='ltr'>cuius</span> <span class='ocrx_word' id='word_1_194' title='bbox 629 3261 819 3320; x_wconf 88' lang='lat' dir='ltr'>mentionem</span> <span class='ocrx_word' id='word_1_195' title='bbox 831 3280 982 3334; x_wconf 88' lang='lat' dir='ltr'>nusquam</span> <span class='ocrx_word' id='word_1_196' title='bbox 995 3261 1077 3335; x_wconf 91' lang='lat' dir='ltr'>apud</span> 
     </span>
     <span class='ocr_line' id='line_1_31' title="bbox 222 3339 1076 3416; baseline -0.001 -17"><span class='ocrx_word' id='word_1_197' title='bbox 222 3349 342 3400; x_wconf 85' lang='lat' dir='ltr'>veteres</span> <span class='ocrx_word' id='word_1_198' title='bbox 364 3343 532 3416; x_wconf 90' lang='lat' dir='ltr'>scriptores</span> <span class='ocrx_word' id='word_1_199' title='bbox 553 3342 685 3416; x_wconf 88' lang='lat' dir='ltr'>legisset.</span> <span class='ocrx_word' id='word_1_200' title='bbox 707 3339 758 3398; x_wconf 86' lang='lat' dir='ltr'>Ad</span> <span class='ocrx_word' id='word_1_201' title='bbox 780 3340 1076 3416; x_wconf 86' lang='lat' dir='ltr'>quemGregorius:</span> 
     </span>
     <span class='ocr_line' id='line_1_32' title="bbox 223 3421 1077 3498; baseline -0.001 -18"><span class='ocrx_word' id='word_1_202' title='bbox 223 3440 323 3496; x_wconf 90' lang='lat' dir='ltr'>neque</span> <span class='ocrx_word' id='word_1_203' title='bbox 338 3440 408 3498; x_wconf 89' lang='lat' dir='ltr'>ego,</span> <span class='ocrx_word' id='word_1_204' title='bbox 423 3423 562 3496; x_wconf 89' lang='lat' dir='ltr'>quamvis</span> <span class='ocrx_word' id='word_1_205' title='bbox 578 3422 710 3497; x_wconf 90' lang='lat' dir='ltr'>diligens</span> <span class='ocrx_word' id='word_1_206' title='bbox 722 3440 758 3478; x_wconf 91' lang='lat' dir='ltr'>ea</span> <span class='ocrx_word' id='word_1_207' title='bbox 770 3422 801 3478; x_wconf 94' lang='lat' dir='ltr'>in</span> <span class='ocrx_word' id='word_1_208' title='bbox 813 3439 845 3479; x_wconf 90' lang='lat' dir='ltr'>re</span> <span class='ocrx_word' id='word_1_209' title='bbox 858 3421 977 3494; x_wconf 88' lang='lat' dir='ltr'>luerim,</span> <span class='ocrx_word' id='word_1_210' title='bbox 992 3422 1077 3496; x_wconf 90' lang='lat' dir='ltr'>quod</span> 
     </span>
     <span class='ocr_line' id='line_1_33' title="bbox 223 3502 1077 3576; baseline -0.001 -16"><span class='ocrx_word' id='word_1_211' title='bbox 223 3521 279 3576; x_wconf 92' lang='lat' dir='ltr'>pro</span> <span class='ocrx_word' id='word_1_212' title='bbox 291 3510 378 3560; x_wconf 88' lang='lat' dir='ltr'>certo</span> <span class='ocrx_word' id='word_1_213' title='bbox 391 3521 574 3569; x_wconf 83' lang='lat' dir='ltr'>asseverem,</span> <span class='ocrx_word' id='word_1_214' title='bbox 582 3502 771 3575; x_wconf 89' lang='lat' dir='ltr'>comperisse</span> <span class='ocrx_word' id='word_1_215' title='bbox 783 3503 917 3559; x_wconf 88' lang='lat' dir='ltr'>memini.</span> <span class='ocrx_word' id='word_1_216' title='bbox 929 3503 974 3559; x_wconf 93' lang='lat' dir='ltr'>Ea</span> <span class='ocrx_word' id='word_1_217' title='bbox 985 3503 1077 3574; x_wconf 90' lang='lat' dir='ltr'>enim,</span> 
     </span>
     <span class='ocr_line' id='line_1_34' title="bbox 223 3582 1078 3658; baseline -0.004 -17"><span class='ocrx_word' id='word_1_218' title='bbox 223 3601 301 3656; x_wconf 91' lang='lat' dir='ltr'>quae</span> <span class='ocrx_word' id='word_1_219' title='bbox 310 3583 492 3640; x_wconf 89' lang='lat' dir='ltr'>Vincentius</span> <span class='ocrx_word' id='word_1_220' title='bbox 505 3583 535 3639; x_wconf 91' lang='lat' dir='ltr'>in</span> <span class='ocrx_word' id='word_1_221' title='bbox 544 3582 677 3640; x_wconf 91' lang='lat' dir='ltr'>historiis</span> <span class='ocrx_word' id='word_1_222' title='bbox 690 3583 813 3656; x_wconf 90' lang='lat' dir='ltr'>scripsit</span> <span class='ocrx_word' id='word_1_223' title='bbox 824 3583 863 3639; x_wconf 92' lang='lat' dir='ltr'>de</span> <span class='ocrx_word' id='word_1_224' title='bbox 876 3583 995 3658; x_wconf 86' lang='lat' dir='ltr'>origine</span> <span class='ocrx_word' id='word_1_225' title='bbox 1006 3600 1078 3639; x_wconf 91' lang='lat' dir='ltr'>nos-</span> 
     </span>
     <span class='ocr_line' id='line_1_35' title="bbox 223 3661 1078 3736; baseline -0.002 -16"><span class='ocrx_word' id='word_1_226' title='bbox 223 3670 278 3734; x_wconf 91' lang='lat' dir='ltr'>tra,</span> <span class='ocrx_word' id='word_1_227' title='bbox 290 3681 355 3721; x_wconf 94' lang='lat' dir='ltr'>non</span> <span class='ocrx_word' id='word_1_228' title='bbox 368 3662 485 3720; x_wconf 85' lang='lat' dir='ltr'>fabulas</span> <span class='ocrx_word' id='word_1_229' title='bbox 501 3663 596 3720; x_wconf 91' lang='lat' dir='ltr'>modo</span> <span class='ocrx_word' id='word_1_230' title='bbox 608 3663 664 3720; x_wconf 90' lang='lat' dir='ltr'>sed</span> <span class='ocrx_word' id='word_1_231' title='bbox 675 3669 820 3736; x_wconf 90' lang='lat' dir='ltr'>portenta</span> <span class='ocrx_word' id='word_1_232' title='bbox 827 3661 978 3733; x_wconf 89' lang='lat' dir='ltr'>redolent,</span> <span class='ocrx_word' id='word_1_233' title='bbox 990 3663 1078 3736; x_wconf 93' lang='lat' dir='ltr'>quip-</span> 
     </span>
     <span class='ocr_line' id='line_1_36' title="bbox 223 3742 1077 3817; baseline 0 -17"><span class='ocrx_word' id='word_1_234' title='bbox 223 3761 262 3816; x_wconf 93' lang='lat' dir='ltr'>pe</span> <span class='ocrx_word' id='word_1_235' title='bbox 277 3745 329 3817; x_wconf 94' lang='lat' dir='ltr'>qui</span> <span class='ocrx_word' id='word_1_236' title='bbox 344 3762 362 3800; x_wconf 92' lang='lat' dir='ltr'>a</span> <span class='ocrx_word' id='word_1_237' title='bbox 376 3743 492 3802; x_wconf 92' lang='lat' dir='ltr'>diluvio</span> <span class='ocrx_word' id='word_1_238' title='bbox 507 3744 720 3816; x_wconf 88' lang='lat' dir='ltr'>antiquitatem</span> <span class='ocrx_word' id='word_1_239' title='bbox 733 3749 870 3800; x_wconf 86' lang='lat' dir='ltr'>nostram</span> <span class='ocrx_word' id='word_1_240' title='bbox 882 3742 1036 3800; x_wconf 80' lang='lat' dir='ltr'>fabuletur</span> <span class='ocrx_word' id='word_1_241' title='bbox 1046 3749 1077 3800; x_wconf 86' lang='lat' dir='ltr'>et</span> 
     </span>
     <span class='ocr_line' id='line_1_37' title="bbox 224 3821 1077 3897; baseline 0 -17"><span class='ocrx_word' id='word_1_242' title='bbox 224 3842 280 3881; x_wconf 91' lang='lat' dir='ltr'>nos</span> <span class='ocrx_word' id='word_1_243' title='bbox 300 3824 429 3897; x_wconf 90' lang='lat' dir='ltr'>Scythas</span> <span class='ocrx_word' id='word_1_244' title='bbox 448 3829 614 3894; x_wconf 88' lang='lat' dir='ltr'>asseveret,</span> <span class='ocrx_word' id='word_1_245' title='bbox 633 3823 745 3895; x_wconf 93' lang='lat' dir='ltr'>quibus</span> <span class='ocrx_word' id='word_1_246' title='bbox 765 3823 880 3880; x_wconf 88' lang='lat' dir='ltr'>bellum</span> <span class='ocrx_word' id='word_1_247' title='bbox 898 3821 1077 3880; x_wconf 87' lang='lat' dir='ltr'>Alexander</span> 
     </span>
     <span class='ocr_line' id='line_1_38' title="bbox 224 3902 1077 3978; baseline 0.001 -18"><span class='ocrx_word' id='word_1_248' title='bbox 224 3905 368 3975; x_wconf 90' lang='lat' dir='ltr'>intulerit,</span> <span class='ocrx_word' id='word_1_249' title='bbox 379 3905 615 3977; x_wconf 90' lang='lat' dir='ltr'>Romanumque</span> <span class='ocrx_word' id='word_1_250' title='bbox 626 3902 800 3961; x_wconf 87' lang='lat' dir='ltr'>Gracchum</span> <span class='ocrx_word' id='word_1_251' title='bbox 812 3902 894 3977; x_wconf 86' lang='lat' dir='ltr'>apud</span> <span class='ocrx_word' id='word_1_252' title='bbox 905 3921 962 3960; x_wconf 91' lang='lat' dir='ltr'>nos</span> <span class='ocrx_word' id='word_1_253' title='bbox 974 3904 1077 3978; x_wconf 88' lang='lat' dir='ltr'>regiae</span> 
     </span>
     <span class='ocr_line' id='line_1_39' title="bbox 223 3983 1076 4042; baseline 0 -1"><span class='ocrx_word' id='word_1_254' title='bbox 223 3985 307 4042; x_wconf 90' lang='lat' dir='ltr'>urbis</span> <span class='ocrx_word' id='word_1_255' title='bbox 332 3984 528 4042; x_wconf 90' lang='lat' dir='ltr'>conditorem</span> <span class='ocrx_word' id='word_1_256' title='bbox 549 3991 580 4041; x_wconf 95' lang='lat' dir='ltr'>et</span> <span class='ocrx_word' id='word_1_257' title='bbox 603 3983 784 4041; x_wconf 86' lang='lat' dir='ltr'>affinitatem</span> <span class='ocrx_word' id='word_1_258' title='bbox 808 4001 879 4041; x_wconf 90' lang='lat' dir='ltr'>cum</span> <span class='ocrx_word' id='word_1_259' title='bbox 905 3983 977 4040; x_wconf 90' lang='lat' dir='ltr'>divo</span> <span class='ocrx_word' id='word_1_260' title='bbox 1000 3983 1076 4041; x_wconf 94' lang='lat' dir='ltr'>lulio</span> 
     </span>
     <span class='ocr_line' id='line_1_40' title="bbox 224 4064 1077 4138; baseline 0 -17"><span class='ocrx_word' id='word_1_261' title='bbox 224 4066 365 4135; x_wconf 89' lang='lat' dir='ltr'>somniet,</span> <span class='ocrx_word' id='word_1_262' title='bbox 380 4083 459 4138; x_wconf 89' lang='lat' dir='ltr'>quae</span> <span class='ocrx_word' id='word_1_263' title='bbox 474 4082 576 4138; x_wconf 91' lang='lat' dir='ltr'>neque</span> <span class='ocrx_word' id='word_1_264' title='bbox 591 4064 677 4133; x_wconf 91' lang='lat' dir='ltr'>locis,</span> <span class='ocrx_word' id='word_1_265' title='bbox 691 4082 793 4137; x_wconf 90' lang='lat' dir='ltr'>neque</span> <span class='ocrx_word' id='word_1_266' title='bbox 808 4065 1009 4137; x_wconf 89' lang='lat' dir='ltr'>temporibus,</span> <span class='ocrx_word' id='word_1_267' title='bbox 1025 4083 1077 4121; x_wconf 89' lang='lat' dir='ltr'>ne-</span> 
     </span>
     <span class='ocr_line' id='line_1_41' title="bbox 151 4143 1076 4222; baseline -0.001 -19"><span class='ocrx_word' id='word_1_268' title='bbox 151 4173 153 4179; x_wconf 95' lang='lat'>·</span> <span class='ocrx_word' id='word_1_269' title='bbox 224 4164 284 4219; x_wconf 90' lang='lat' dir='ltr'>que</span> <span class='ocrx_word' id='word_1_270' title='bbox 303 4147 396 4203; x_wconf 91' lang='lat' dir='ltr'>rebus</span> <span class='ocrx_word' id='word_1_271' title='bbox 416 4146 584 4222; x_wconf 86' lang='lat' dir='ltr'>gestisaut</span> <span class='ocrx_word' id='word_1_272' title='bbox 602 4145 813 4202; x_wconf 89' lang='lat' dir='ltr'>Romanorum</span> <span class='ocrx_word' id='word_1_273' title='bbox 837 4151 889 4201; x_wconf 89' lang='lat' dir='ltr'>aut</span> <span class='ocrx_word' id='word_1_274' title='bbox 906 4143 1076 4202; x_wconf 89' lang='lat' dir='ltr'>Alexandri</span> 
     </span>
    </p>
   </div>
   <div class='ocr_carea' id='block_1_4' title="bbox 0 0 1633 5478">
    <p class='ocr_par' dir='ltr' id='par_1_5' title="bbox 0 0 1633 5478">
     <span class='ocr_line' id='line_1_42' title="bbox 0 0 1633 5478; baseline 0 0"><span class='ocrx_word' id='word_1_275' title='bbox 0 0 1633 5478; x_wconf 95' lang='lat' dir='ltr'> </span> 
     </span>
    </p>
   </div>
  </div>
 </body>
</html>
