3240 5478
529 776 732 830 GREGORIUS
751 779 942 830 SANOCEUS.

523 993 553 1050 in
575 992 725 1068 religione
746 993 862 1068 pietate
883 993 958 1064 sola,
984 1011 1048 1053 non
1068 994 1238 1052 accedente
1258 995 1392 1065 ratione,

522 1074 706 1145 subsistant,
721 1075 752 1131 in
768 1075 881 1148 quibus
896 1073 1065 1148 rapiendus
1077 1083 1124 1132 est
1136 1075 1307 1146 affectibus,
1322 1093 1394 1132 ver-

523 1154 698 1228 borumque
711 1154 829 1230 ingenti
841 1154 1035 1212 volubilitate
1046 1162 1078 1213 et
1088 1155 1180 1229 copia
1188 1154 1273 1213 velut
1281 1155 1393 1229 impel-

478 1283 481 1288 ,
522 1233 634 1292 lendus
651 1235 857 1308 (populus),
869 1249 1066 1308 nequaquam
1078 1235 1269 1293 credibiliter
1277 1237 1392 1310 autpie

525 1314 565 1372 de
581 1314 640 1371 illis
653 1314 808 1372 dicturum
820 1333 899 1386 esse,
911 1316 969 1372 nisi
981 1317 1034 1388 qui
1047 1315 1085 1373 ab
1098 1317 1274 1374 oratoribus
1286 1318 1394 1388 verba,

524 1413 542 1452 a
552 1395 655 1469 poetis
667 1413 743 1452 vero
752 1395 880 1453 affectus
889 1394 982 1452 luerit
990 1403 1155 1454 mutuatus.
1166 1396 1308 1469 Eamque
1320 1415 1393 1455 esse

469 1518 471 1522 .
524 1492 921 1548 causam,quarenovorum
930 1476 1393 1551 theologorumsermoneslan-

524 1555 609 1631 guidi
622 1556 683 1613 sint
695 1562 727 1612 et
738 1556 841 1627 ieiuni,
852 1556 1051 1630 antiquorum
1059 1574 1144 1628 vero,
1152 1564 1187 1614 ut
1194 1556 1392 1631 Hieronymi,

523 1635 690 1712 Augustini
705 1644 736 1693 et
748 1642 935 1707 ceterorum,
949 1635 1093 1694 efficaces
1106 1643 1137 1694 et
1149 1637 1278 1711 copiosi.
1295 1637 1392 1712 Quod

526 1716 567 1773 illi
579 1723 654 1773 tunc
666 1715 792 1774 demum
800 1715 912 1774 divinis
920 1717 1081 1791 scripturis
1093 1735 1127 1774 se
1138 1715 1305 1789 tradidere,
1317 1735 1392 1776 cum

524 1797 673 1854 humanas
685 1797 802 1870 optime
814 1803 969 1870 tenerent3
983 1796 1032 1854 isti
1044 1815 1129 1868 vero,
1141 1798 1208 1855 sine
1219 1797 1323 1871 aliquo
1336 1798 1392 1856 ad-

524 1876 1392 1953 miniculodivinaadorsi,neqereimagnitudinemasse-

525 1958 577 2030 qui
589 1963 730 2031 potuere,
741 1975 845 2031 neque
856 1964 941 2015 recte
954 1958 1122 2015 sententias
1131 1976 1202 2015 suas
1211 1958 1391 2017 hominibus

523 2037 1391 2114 aperire,ignorantespartemillamdoctrinaehumanae,

523 2135 580 2192 per
589 2118 962 2191 quammortaliumanimi
971 2118 1389 2193 adcredendumrapiuntur.

524 2215 619 2316 XL
651 2197 729 2272 Ipse,
745 2199 889 2271 quotiens
905 2216 1082 2269 sermonem
1098 2199 1236 2270 haberet,
1254 2199 1324 2273 plus
1341 2217 1391 2258 ra-

624 2294 634 2316 ·
652 2279 728 2336 tioni
743 2278 952 2352 persuadendi
968 2297 1061 2352 quam
1076 2279 1252 2337 auctoritati
1267 2280 1390 2338 theolo-

524 2375 635 2434 gorum
644 2359 814 2431 insistebat,
823 2376 953 2432 eamque
967 2361 1007 2417 ob
1016 2377 1141 2417 causam
1149 2359 1296 2431 fiebat,ut
1306 2378 1391 2418 sem-

523 2456 581 2512 per
589 2439 709 2510 affectu,
721 2456 784 2512 quo
792 2439 950 2510 voluisset,
961 2439 1095 2514 populus
1107 2439 1283 2518 duceretur,
1292 2457 1392 2515 appa-

524 2518 675 2592 rebatque
687 2520 788 2593 ipsum
800 2519 977 2577 auditorum
989 2520 1109 2578 animos
1121 2519 1214 2577 veluti
1228 2520 1345 2578 habere
1358 2522 1390 2578 in

523 2605 687 2673 potestate.
701 2598 764 2657 lam
779 2618 854 2657 vero
870 2599 997 2673 quando
1013 2601 1043 2656 in
1058 2600 1261 2658 sollemnibus
1275 2600 1390 2659 officiis

523 2696 559 2737 ac
575 2680 729 2754 mysteriis
750 2681 954 2738 caerimonias
973 2682 1144 2756 peragebat
1165 2688 1218 2738 aut
1233 2681 1391 2740 sacrifica-

524 2761 586 2831 bat,
601 2778 693 2817 nemo
709 2777 772 2817 non
785 2778 825 2818 ex
838 2761 947 2818 intimo
962 2761 1074 2818 aflectu
1089 2761 1193 2819 cordis
1209 2779 1391 2820 commove-

524 2840 628 2913 batur;
653 2840 709 2898 sed
729 2847 803 2898 tunc
823 2841 1016 2915 praesertim,
1036 2859 1107 2899 cum
1126 2841 1298 2899 homicidas
1318 2842 1389 2900 Deo

525 2921 838 2994 reconciliaretatque
847 2921 878 2978 in
887 2921 1035 2994 templum
1044 2921 1296 2979 induceretErat
1304 2923 1389 2980 enim

524 3000 631 3058 videre
650 3002 775 3074 passim,
794 3000 847 3058 illo
867 3001 990 3059 sublimi
1009 3003 1176 3060 verborum
1197 3002 1309 3062 affectu
1327 2999 1387 3080 [ac]

524 3081 704 3154 mysterium
719 3080 905 3155 explicante,
926 3088 989 3139 tam
1009 3083 1122 3140 noxios
1137 3099 1230 3154 quam
1246 3083 1389 3141 insontes

524 3161 658 3218 ubertim
672 3160 756 3233 flere,
771 3161 840 3218 illos
854 3162 1047 3234 poenitentia
1061 3162 1295 3234 maleficiorum,
1311 3164 1389 3222 istos

524 3241 723 3298 miseratione
737 3242 974 3315 poenitentium.
989 3242 1107 3300 Eorum
1122 3261 1206 3314 vero,
1222 3244 1274 3317 qui
1291 3246 1389 3302 sacris

525 3321 728 3392 initiarentur,
747 3322 838 3395 pauci
858 3328 1033 3396 temperare
1048 3341 1066 3380 a
1081 3323 1214 3380 lacrimis
1229 3331 1390 3397 poterant,

525 3419 605 3472 cum,
620 3401 842 3460 accedentibus
864 3401 904 3460 ad
918 3403 1089 3460 naturalem
1110 3404 1303 3461 maiestatem
1320 3422 1391 3468 cor-

525 3482 611 3556 poris
626 3482 672 3538 sui
687 3482 917 3555 pontificalibus
933 3485 1133 3555 ornamentis,
1148 3500 1213 3540 non
1228 3483 1295 3541 sine
1311 3503 1391 3558 quo-

525 3561 597 3619 dam
616 3579 706 3619 sacro
726 3562 856 3620 horrore
881 3570 1010 3637 propter
1030 3564 1117 3621 vocis
1137 3563 1390 3640 magnitudinem

525 3659 561 3699 ac
572 3643 677 3713 robur,
691 3643 866 3700 enuntiaret
886 3643 1076 3701 documenta
1095 3644 1154 3716 illa,
1173 3661 1253 3717 quae
1274 3643 1388 3702 futuris

524 3722 738 3780 sacerdotibus
754 3723 822 3797 ipso
838 3723 1018 3781 initiationis
1033 3731 1175 3798 tempore
1190 3742 1247 3798 per
1259 3725 1389 3798 pontifi-

524 3820 593 3860 cem
607 3802 734 3877 publice
748 3803 921 3860 traduntur.
1009 3855 1010 3858 ,
1369 3803 1370 3806 ’

524 3897 641 4000 XLI
684 3882 859 3941 Difficulter
879 3901 915 3941 ac
936 3901 1007 3941 raro
1027 3883 1241 3941 adducebatur
1254 3883 1295 3942 ad
1309 3902 1390 3943 con-

647 3979 657 4001 ·
685 3963 855 4021 sectandos
871 3962 1052 4022 sacerdotes
1067 3970 1107 4036 et,
1123 3981 1195 4022 curn
1210 3964 1241 4022 id
1256 3964 1386 4038 faceret,

524 4059 588 4099 non
603 4042 670 4100 sine
685 4044 881 4101 severissimo
896 4043 1021 4115 iudicio,
1036 4062 1114 4117 quos
1134 4044 1173 4102 ad
1194 4062 1262 4102 eam
1285 4044 1389 4122 digni-

524 4129 619 4182 tatem
627 4122 813 4196 admitteret,
824 4124 967 4199 eligebat,
978 4142 1158 4182 asseverans
1170 4126 1387 4200 impiissimum
