3240 5478
500 738 522 783 Γ
646 737 659 786 l
876 740 884 753 '

511 737 646 790 ,RBGOR
660 737 703 790 US
721 738 910 789 SANOCEUS.

509 809 1124 824 tfltfmmftsrtttfsssrr*summ-farm·
1169 812 1214 821 m»
1242 811 1353 824 -„„„„N

513 827 1146 842 lllllfll'llfllllsfs‘ss⁶¹'‘'l1''.'ll¹l'ss”
1168 829 1357 843 sflssssssstlut

499 969 570 1010 cum
587 969 620 1009 re
635 969 708 1008 vera
722 951 862 1008 nondum
873 969 926 1008 eas
937 958 1019 1010 artes
1034 953 1196 1029 attigisset,
1209 971 1266 1027 per
1280 972 1357 1027 quas

500 1031 540 1091 ad
552 1031 583 1090 id
595 1031 675 1090 tituli
687 1033 876 1107 pervenitur,
887 1032 943 1089 sed
954 1033 1038 1090 circa
1049 1033 1234 1091 rhetoricam
1246 1041 1278 1091 et
1285 1051 1359 1108 poe-

501 1113 569 1186 sim,
583 1113 632 1171 cui
649 1112 829 1184 naturaiiter
842 1114 970 1170 affectus
990 1120 1065 1184 erat,
1087 1115 1245 1189 ingenium
1260 1113 1359 1172 conti-

501 1201 611 1252 nuerat
625 1201 657 1250 et
671 1210 765 1267 supra
779 1211 872 1267 quam
887 1201 1047 1268 pateretur
1062 1195 1141 1250 illius
1157 1196 1306 1268 temporis
1321 1213 1358 1252 ac

501 1273 639 1350 regionis
663 1273 822 1332 incondita
849 1273 992 1332 doctrina
1011 1275 1041 1331 in
1061 1282 1192 1347 utraque
1213 1274 1359 1332 facultate

500 1353 685 1430 profecerat.

505 1449 570 1554 HI
603 1433 765 1492 Absolutis
779 1433 933 1492 Bucolicis
953 1435 1081 1510 aggredi
1097 1434 1251 1511 Georgica
1266 1435 1359 1492 desti-

576 1522 741 1586 ·naverat,
759 1514 815 1572 sed
834 1516 952 1573 accitus
972 1533 990 1572 a
1008 1515 1212 1573 Tarnoviensi
1232 1515 1359 1574 domino

503 1597 676 1654 institutum
696 1596 808 1666 omisit,
828 1612 962 1669 cumque
982 1595 1013 1652 id
1033 1596 1137 1653 oneris
1157 1596 1270 1653 frustra
1289 1614 1359 1653 ase

502 1675 664 1751 deprecari
684 1682 814 1734 conatus
835 1683 927 1747 esset,
952 1676 1048 1750 ipsius
1070 1676 1150 1733 filios
1171 1675 1359 1734 erudiendos

502 1757 629 1830 recepit.
651 1756 685 1814 ln
704 1773 740 1814 ea
759 1774 833 1814 cura
852 1773 978 1814 carmen
993 1756 1147 1814 excudere
1162 1775 1250 1815 orsus
1265 1758 1359 1814 versi-

504 1837 591 1898 culos
606 1837 773 1895 nonnullos
792 1836 904 1908 edidit,
923 1838 1004 1894 inter
1021 1854 1101 1910 quos
1121 1838 1285 1911 epitaphia,
1303 1855 1359 1911 per

503 1935 583 1992 quae
598 1935 689 1975 avum
704 1924 910 1992 patruumque
925 1917 1150 1992 discipulorum
1165 1935 1292 1975 suorum
1307 1918 1361 1975 de-

503 1997 628 2056 functos
643 1998 815 2055 aeternitati
832 1997 1071 2056 commendavit.
1094 1999 1180 2072 Quae
1196 2015 1255 2069 res,
1270 1998 1309 2056 ad
1324 2017 1360 2055 ea

503 2085 645 2153 tempora
654 2077 785 2150 insolita,
796 2078 840 2136 sic
849 2078 987 2135 omnium
998 2079 1118 2136 animos
1129 2084 1217 2153 grata
1227 2079 1360 2152 quadam

504 2159 641 2217 novitate
651 2158 788 2232 pellexit,
799 2164 833 2215 ut
844 2175 918 2216 mox
929 2177 1003 2234 rege
1010 2158 1168 2216 Vladislao
1179 2160 1242 2216 vita
1253 2158 1360 2216 functo

505 2257 567 2296 non
584 2238 734 2296 mediocri
750 2239 866 2296 ambitu
883 2239 1048 2313 optimates
1067 2240 1155 2315 regni
1176 2258 1193 2296 a
1207 2238 1360 2314 Gregorio

505 2319 751 2393 impetraverint,
772 2319 858 2392 quod
879 2320 1036 2393 epitaphio
1058 2336 1164 2394 regem
1186 2325 1359 2377 exornaret,

504 2399 581 2473 lpse,
595 2416 666 2458 cum
682 2417 774 2475 aegre
795 2407 953 2473 pateretur
971 2399 1081 2457 abesse
1102 2417 1120 2456 a
1134 2399 1362 2457 consuetudine

505 2479 670 2538 doctorum
692 2479 860 2550 bominum,
878 2486 950 2554 post
969 2480 1121 2537 mensium
1141 2479 1359 2537 nonnullorum

505 2577 623 2618 moram
634 2560 796 2633 persuasit,
810 2566 845 2616 ut
855 2579 916 2616 una
927 2577 996 2618 cum
1009 2560 1168 2633 discipulis
1180 2557 1360 2618 Cracoviam

505 2640 688 2710 mitteretur,
709 2639 760 2698 ubi
782 2647 913 2713 propter
931 2640 1080 2698 librorum
1096 2640 1228 2714 copiam,
1247 2640 1360 2697 littera-

505 2725 670 2794 torumque
678 2720 837 2778 hominum
845 2719 1050 2793 frequentiam
1059 2738 1123 2777 non
1131 2720 1231 2777 solum
1243 2721 1360 2790 meliuS,

506 2800 562 2858 sed
575 2800 694 2858 facilius
706 2801 798 2858 etiam
810 2808 939 2874 possent
950 2800 1073 2858 erudiri.
1082 2801 1164 2858 Dum
1175 2801 1278 2874 itaque
1290 2799 1362 2858 Cra-

506 2881 612 2938 coviae
628 2888 743 2957 ageret,
757 2887 789 2937 et
803 2879 947 2955 discipuli
958 2888 1088 2955 propter
1102 2881 1259 2956 egregiam
1275 2881 1362 2938 nobi·

507 2961 623 3018 litatem
639 2978 725 3018 suam
740 2960 880 3034 quotidie
895 2961 978 3035 apud
992 2961 1117 3037 regulos
1128 2960 1319 3018 Vladislaum
1331 2968 1362 3018 et

507 3038 689 3098 Casimirum
705 3040 951 3113 deversarentur‚
970 3041 1085 3099 factum
1105 3048 1162 3112 est,
1181 3048 1216 3098 ut
1235 3059 1297 3099 non
1313 3059 1363 3098 so-

506 3120 569 3178 lum
590 3119 620 3178 in
640 3121 780 3178 notitiam
792 3122 970 3197 regulorum
985 3139 1092 3179 verum
1107 3122 1199 3179 etiam
1214 3123 1244 3179 in
1260 3121 1363 3178 amici-

507 3199 580 3258 tiam
595 3201 723 3272 venerit,
737 3219 755 3258 a
769 3202 882 3275 quibus
896 3203 1030 3260 maxime
1045 3209 1174 3277 propter
1188 3201 1362 3260 doctrinam

506 3287 538 3338 et
552 3279 769 3339 dexteritatem
789 3281 904 3356 ingenii
924 3282 1119 3357 diligebatur.
1141 3281 1204 3341 Sed
1223 3283 1361 3356 inprimis

508 3367 573 3418 erat
590 3360 647 3418 illis
662 3360 858 3419 admirationi
873 3363 1026 3435 scriptura
1041 3363 1145 3436 ipsius,
1161 3363 1248 3420 cuius
1263 3362 1363 3437 digni-

507 3447 570 3498 tate
581 3447 612 3498 et
621 3441 735 3499 decore
747 3441 838 3515 capti,
849 3449 942 3516 prout
950 3443 1069 3500 animus
1077 3443 1287 3516 concupierat,
1298 3460 1363 3499 mo-

507 3520 551 3579 do
566 3521 652 3593 haec,
666 3522 761 3579 modo
777 3521 827 3578 illa
841 3523 898 3580 sibi
914 3522 1121 3580 exscribenda
1135 3522 1308 3580 tradebant.

510 3619 581 3720 IV
612 3601 645 3659 ln
658 3619 696 3659 eo
708 3602 802 3659 veluti
815 3601 946 3660 faventis
958 3602 1101 3660 fortunae
1113 3619 1214 3674 cursu,
1225 3620 1295 3660 cum
1306 3620 1363 3676 par

585 3697 596 3721 ·
614 3681 696 3756 apud
715 3683 852 3739 omnium
873 3683 1017 3741 ordinum
1037 3684 1178 3740 homines
1197 3701 1363 3758 propemo-

508 3761 583 3820 dum
598 3762 637 3820 de
652 3779 690 3820 eo
705 3762 824 3838 vigeret
838 3764 1040 3836 exspectatio,
1054 3781 1148 3836 quam
1158 3765 1239 3820 vitae
1251 3781 1287 3821 ac
1298 3781 1364 3820 mo-

509 3860 577 3899 rum
592 3842 745 3918 elegantia
759 3841 892 3916 quadam
907 3844 1046 3916 quotidie
1058 3861 1172 3919 augere
1183 3845 1364 3913 conabatur,

509 3922 650 3996 confugit
664 3921 704 3980 ad
719 3940 789 3980 eum
804 3922 898 3980 frater
913 3923 1015 3981 minor
1029 3930 1113 3993 natu,
1127 3942 1219 3995 quem
1234 3931 1363 3996 propter

509 4001 669 4060 sordidum
686 4003 842 4080 ingenium
857 4009 955 4076 pater,
969 4004 1105 4077 alioquin
1120 4004 1264 4074 difficilis,
1278 4004 1364 4061 abdi-

510 4090 642 4141 caverat.
650 4081 809 4156 Nusquam
817 4083 890 4140 alias
901 4084 967 4141 visa
977 4090 1062 4141 tanta
1073 4085 1236 4158 disparitas
1247 4085 1364 4142 animo
