3240 5478
1054 815 1132 868 FOL.
1151 816 1189 866 VI

318 1027 417 1106 plciae
428 1029 636 1106 pervenisset,
661 1035 699 1087 ut
707 1028 856 1106 princeps
874 1036 967 1106 atque
985 1037 1093 1088 auctor
1111 1037 1191 1088 esset

327 1107 450 1168 Stoicae
461 1108 658 1187 disciplinae,
673 1109 779 1168 aiebat
789 1110 935 1168 secundis
945 1110 1045 1168 ventu
1054 1130 1087 1168 se
1098 1111 1187 1169 navi-

322 1208 429 1264 gasse,
451 1191 538 1267 quod
556 1190 646 1267 opud
662 1190 812 1257 Piraeum
834 1190 1043 1268 naufragium
1061 1199 1186 1266 possus,

327 1270 453 1328 omissis
463 1269 556 1328 rebus
566 1269 715 1340 omnibus,
731 1271 805 1329 inde
817 1271 863 1329 ad
864 1270 1144 1348 philosophandum
1154 1292 1188 1330 se

325 1350 523 1409 contulerat.¹
538 1351 624 1409 Nom
639 1370 693 1425 ego
708 1351 833 1428 infelici
834 1355 912 1428 J‘ato
926 1359 1022 1421 actus,
1031 1359 1105 1428 post
1113 1360 1186 1428 per-

325 1438 470 1504 agratam
491 1431 671 1489 nniversam
695 1431 866 1502 Graeciam,
894 1431 1024 1501 Cretam,
1044 1432 1185 1509 Cyprum,

323 1510 475 1580 Rhodum,
492 1511 664 1588 Aegyptum
676 1519 707 1568 et
713 1511 834 1586 Aegaei
846 1513 945 1570 maris
955 1512 1078 1571 insulas
1090 1532 1185 1589 quam

319 1591 487 1668 plurimas,
506 1591 671 1651 Tbraciam
687 1593 779 1650 etiam
792 1610 830 1650 ac
839 1592 1045 1650 Macedoniae
1051 1600 1184 1670 portem,

326 1672 373 1730 ad
383 1678 412 1728 te
426 1672 551 1730 tandem
574 1672 672 1730 veluti
684 1673 869 1749 perfugium
891 1692 1031 1731 errorum
1050 1692 1185 1732 meorum

324 1759 497 1829 metamque
504 1753 644 1829 aliquam
653 1772 721 1811 cum
732 1753 938 1822 deuertissem,
949 1760 1072 1830 repente
1081 1753 1185 1812 oborta

325 1837 372 1890 est
390 1833 587 1910 nces‘ariornm
607 1832 764 1891 bominum
793 1842 885 1910 opera
904 1840 936 1890 et
952 1834 1186 1901 ¹insimulatione

325 1913 589 1991 velutitempestas
598 1914 753 1991 quaedam
763 1917 783 1982 ²,
798 1933 880 1991 quae
891 1917 1085 1992 naufragum
1094 1922 1186 1992 atque

325 2001 414 2051 extra
432 2013 550 2052 omnem
563 1994 677 2052 solutis
693 2002 776 2070 spem
788 1995 924 2071 positum
939 2015 987 2052 me
1005 1997 1094 2072 apud
1103 1995 1186 2054 hunc

324 2092 487 2132 summum.
499 2074 601 2134 virum
616 2082 802 2152 patremque
820 2075 1044 2152 amplissimum
1067 2083 1183 2155 Grego-

325 2162 411 2215 rinm
418 2154 839 2232 Sanocenm,Leopoliensem
847 2155 1080 2232 Metropolitum,
1087 2157 1182 2214 eiecit.

328 2234 420 2305 Quae
431 2255 481 2293 res
492 2235 648 2311 inprimis
654 2236 731 2293 odeo
742 2235 937 2310 mibigravis
948 2244 979 2293 et
987 2236 1182 2314 acerbofuit,

326 2322 362 2372 ut
373 2315 462 2389 longe
475 2316 588 2373 melius
602 2323 703 2374 actum
708 2317 819 2394 fuisse
833 2336 949 2374 mecum
964 2317 1182 2386 existimarem,

323 2395 355 2452 si
368 2402 426 2452 aut
437 2403 510 2453 ante
523 2395 681 2474 infelicem
696 2415 802 2454 casnm
818 2417 918 2455 meum
933 2397 1024 2455 rebus
1037 2397 1184 2456 inmanis

325 2476 528 2546 excessissem,
545 2477 732 2536 automnino
743 2496 904 2554 nunquam
919 2477 952 2534 in
965 2478 1030 2535 illis
1033 2479 1181 2554 fuissem.

326 2556 392 2614 Sed
395 2564 560 2634 postquam
567 2557 721 2630 gravitas,
743 2559 869 2616 comitas
883 2565 914 2614 et
924 2559 1080 2632 elegantia
1087 2567 1183 2635 prae-

323 2637 509 2694 stantissimi
517 2636 612 2695 luins
622 2637 687 2695 oiri
703 2638 781 2696 milei
783 2638 866 2714 fieri
875 2639 972 2715 coepit
969 2639 1181 2716 familiarior,

325 2715 495 2792 repetebam
517 2717 688 2794 aliquando
702 2719 850 2776 memoria
865 2719 1045 2777 calamitosa
1060 2719 1118 2776 illa
1126 2728 1182 2796 pe-

325 2797 548 2871 regrinationis
573 2818 660 2856 meae
686 2806 841 2876 tempora,¹
864 2799 897 2856 in
915 2797 1029 2875 quibus
1047 2819 1116 2856 cum
1136 2800 1182 2857 vi-

324 2877 428 2935 derem
452 2897 501 2935 me
524 2898 544 2935 a
568 2878 719 2937 bonorum
744 2879 859 2937 artium
884 2898 962 2936 curo
983 2886 1015 2936 et
1032 2880 1182 2938 exercita-

325 2957 406 3015 tione
424 2958 501 3016 adeo
523 2959 657 3034 afuisse,
685 2966 722 3016 nt
742 2959 916 3017 studiorum
943 2966 974 3016 et
997 2959 1180 3033 vigiliarum

324 3057 464 3095 mearum
483 3045 602 3096 tautum
622 3040 708 3097 velut
724 3040 834 3098 umbra
852 3041 1007 3117 quaedam
1027 3040 1116 3116 apud
1135 3061 1182 3098 me

325 3126 471 3188 maneret,
484 3127 622 3177 revocato
627 3120 796 3197 paululum
804 3121 908 3178 animo
919 3139 939 3177 a
947 3120 1182 3194 cogitationibus

324 3198 397 3268 illis,
412 3217 495 3275 quae
508 3219 556 3256 me
575 3219 595 3258 a
614 3199 702 3258 bonis
720 3201 895 3277 disciplinis
914 3200 1181 3273 abalienaverant,

325 3284 386 3336 tota
404 3286 504 3336 mente
525 3286 557 3336 et
572 3281 738 3338 attentione
755 3281 789 3338 in
808 3281 904 3338 uitam
926 3288 957 3338 et
972 3301 1070 3339 mores
1087 3280 1182 3340 buius

323 3359 438 3417 summi
446 3360 511 3417 oiri
520 3361 675 3418 conversis
682 3361 786 3430 oculis,
793 3361 879 3418 velut
886 3361 919 3418 in
927 3362 1056 3438 speculo,
1065 3363 1183 3420 intueri

324 3439 424 3508 licuit,
443 3448 552 3516 pauca
575 3441 608 3498 in
628 3442 694 3498 uita
712 3441 791 3498 milii
808 3443 942 3499 secundo
960 3449 1026 3499 voto
1034 3442 1179 3519 felicius,

323 3539 417 3596 quam
431 3519 487 3578 boc
501 3521 631 3579 adverso
646 3522 815 3595 contigisse.
830 3522 914 3580 Nom
930 3542 998 3580 cum
1014 3522 1139 3580 ambitio
1152 3530 1184 3580 et

325 3601 463 3676 corrupti
474 3619 573 3659 mores
587 3609 753 3686 temporum
769 3610 939 3660 nostrorum
951 3623 1005 3672 me,
1021 3603 1180 3679 utpleros-

360 3741 1178 3813 ¹Cf.Seouea,Dial.9,14,5:NnntcatononfragioZenonnoster‚

324 3829 380 3863 ciem
391 3816 478 3864 omnia
491 3832 539 3864 sna
555 3817 656 3866 audiret
665 3817 805 3866 submersa:
819 3818 907 3884 „inbet
925 3819 1013 3880 inquit,
1024 3835 1062 3867 me
1066 3819 1180 3882 fortuna

273 3933 276 3938 .
323 3887 673 4009 mielllilniinffitbopiiinll·
681 3888 723 4007 ng‘
728 3888 915 4009 thSternbaclu
930 3889 1109 4010 Gmmoblillt'
1119 3905 1179 3955 299.

293 4065 302 4082 .
323 4035 393 4077 satus
408 4037 464 4079 erat
481 3976 754 4096 Callimgcccbics,z‘qiibl
763 3973 1060 4100 iqizlit'li'ilinlssinlifius
1078 3977 1181 4091 sibili,

323 4098 404 4149 Pauli
413 4100 450 4160 II,
464 4103 668 4166 conspirationem
679 4104 841 4170 conflavisset'
851 4104 927 4167 (Acta
942 4103 1117 4172 Tomicianal,
1131 4105 1180 4170 Ap·

318 4171 416 4236 pendix
422 4179 483 4238 pag.
496 4175 531 4235 1).

1333 811 1340 859 t
