3240 5478
906 765 983 814 FOL.
1002 765 1091 814 XXXI

239 831 779 850 ΧΛΛΛΛΛΛΛΛΛΛΛΛΛΑΛΛΑΛΛΝΣΛΛΛΛΛΛΛΛΛ

239 985 314 1036 tram
332 995 390 1052 per
404 979 505 1036 lusum
514 979 680 1052 iocumque
690 979 822 1052 scripsit,
830 996 902 1036 cum
911 979 984 1036 alias
993 977 1090 1036 decus

239 1067 328 1133 atque
337 1060 690 1138 ornamentumcivitatis
697 1077 770 1116 suae
778 1060 876 1133 ipsam
883 1059 1089 1132 profiteretur.

239 1139 530 1258 LIV.F¹¹¹tVer⁰
539 1147 654 1196 statura
662 1139 998 1197 ultraiustamhominis
1006 1157 1091 1196 men-

380 1219 1091 1296 suramproceraeteleganti,corporerobusto
1156 1289 1158 1292 Ι

238 1307 267 1356 et
286 1317 380 1358 carne
399 1300 568 1358 admodum
588 1300 686 1372 molli;
706 1301 802 1358 barba
820 1317 895 1358 vero
916 1299 1092 1373 capilloque

238 1380 334 1438 denso
356 1398 392 1438 ac
414 1382 517 1454 plan0,
543 1381 640 1438 oculis
662 1381 862 1438 vivacissimis
884 1387 915 1437 et
936 1380 1036 1451 claris,
1057 1385 1091 1436 ut

238 1462 287 1533 qui
307 1479 407 1533 usque
428 1461 468 1518 ad
490 1461 628 1518 ultimam
649 1467 842 1518 senectutem
862 1460 947 1518 nullo
962 1460 1092 1517 admini-

238 1541 306 1598 culo
321 1541 361 1598 ad
376 1540 543 1617 legendum
558 1548 704 1612 uteretur,
726 1541 897 1615 superciliis
915 1540 1041 1597 elevatis
1060 1545 1091 1596 et

238 1622 351 1694 spissis,
373 1640 512 1694 nasoque
534 1621 573 1678 ad
594 1623 770 1697 grossitiem
792 1621 944 1696 fastigato
969 1621 1003 1678 In
1028 1639 1091 1677 ma-

238 1701 326 1758 nibus
341 1702 497 1776 peculiare
512 1702 608 1759 robur
623 1702 729 1759 habuit
743 1701 980 1774 firmissimeque
1005 1708 1091 1758 tene-

237 1782 289 1839 bat
303 1801 348 1854 ea,
364 1801 443 1856 quae
458 1782 553 1840 semel
573 1782 837 1856 apprehendisset.
858 1780 1003 1840 Ceterum
1018 1798 1090 1838 curn

237 1880 292 1936 pro
315 1863 456 1937 corporis
478 1861 691 1938 magnitudine
713 1881 822 1919 manus
844 1862 969 1938 egregia
1000 1861 1090 1932 foret,

238 1944 395 2016 aptissima
409 1950 441 2000 et
455 1944 545 2000 tereti
559 1944 747 2016 proceritate
762 1943 929 2018 digitorum
948 1944 1091 1999 honesta-

238 2024 334 2080 batur.
355 2024 474 2080 Venter
492 2025 694 2096 composituS,
714 2041 804 2080 crura
825 2023 975 2093 tenuiora,
997 2039 1089 2095 quam

237 2121 293 2176 pro
306 2104 401 2161 modo
413 2110 561 2176 staturae3
573 2105 653 2160 inter
661 2103 880 2161 ambulandum
888 2110 1028 2160 rarenter
1039 2102 1092 2159 ad-

238 2185 384 2241 miniculo
399 2184 501 2241 baculi
516 2184 669 2255 utebatur,
684 2191 715 2240 et
737 2184 860 2241 nonnisi
876 2183 1033 2240 lubricitas
1045 2183 1092 2239 iti-

238 2267 319 2322 neris
334 2271 470 2340 cogeret.
485 2265 518 2321 In
530 2264 676 2322 membris
689 2264 815 2337 reliquis
826 2264 954 2322 firmitas
969 2271 1001 2320 et
1015 2265 1092 2336 apti-

238 2343 313 2404 tudo
329 2345 475 2403 naturalis
490 2343 530 2401 ad
545 2344 686 2401 ultimum
705 2339 924 2418 perseveravit,
939 2344 1024 2401 nullo
1039 2350 1091 2399 aut

239 2424 437 2483 incommodo
453 2431 505 2482 aut
519 2424 667 2481 foeditate
683 2425 850 2481 senectutis
866 2424 1045 2482 deformata.

238 2523 329 2624 Non
353 2505 420 2576 sibi,
442 2524 506 2562 non
526 2505 575 2561 alii
595 2506 729 2578 cuipiam
749 2512 893 2562 senectus
914 2522 968 2561 sua
989 2504 1091 2578 gravis

301 2585 468 2658 aliquando
484 2585 540 2641 fuit
555 2592 586 2641 et
597 2586 627 2641 in
639 2586 745 2659 paucis
757 2585 925 2642 admodum
940 2585 1091 2641 humanae

238 2667 317 2723 vitae
333 2666 514 2723 necessariis
530 2665 657 2722 alicuius
673 2684 808 2739 unquam
821 2665 1023 2722 ministerium
1038 2664 1092 2721 de-

239 2746 392 2817 sideravit,
411 2746 490 2803 adeo
510 2764 633 2819 semper
652 2763 765 2819 corpus
785 2752 816 2802 et
835 2746 973 2802 membra
989 2744 1092 2801 omnia

239 2827 268 2883 in
283 2834 440 2901 potestate
455 2827 570 2897 habuit,
589 2843 688 2899 usque
708 2826 748 2883 ad
768 2844 882 2882 annum
902 2825 1093 2900 septuagesi-

238 2925 331 2978 mum,
346 2907 385 2964 ad
401 2925 492 2980 quam
508 2913 640 2964 aetatem
655 2924 805 2981 prospere
820 2912 851 2962 et
865 2905 1031 2978 tranquillo
1039 2904 1093 2961 ad-

238 2987 366 3045 modum
386 3005 487 3057 cursu,
507 3005 577 3044 cum
599 2987 674 3044 haec
694 2988 872 3057 scriberem,
893 2992 1090 3059 pervenerat,

238 3068 302 3139 sed,
318 3069 342 3123 si
358 3067 559 3124 humanarum
574 3068 793 3125 necessitatum
804 3061 882 3123 ratio
895 3065 977 3139 apud
991 3066 1092 3124 Deum

238 3149 306 3219 erit,
320 3147 359 3205 ad
375 3147 538 3204 utilitatem
558 3147 681 3223 generis
701 3147 825 3204 humani
846 3148 947 3220 ipsum
962 3147 1092 3205 totidem

239 3246 336 3285 annos
352 3228 383 3284 in
398 3228 507 3285 eadem
522 3227 669 3284 felicitate
684 3228 826 3285 servabit.
842 3226 927 3284 Vale.

242 3653 423 3746 Opusculum
433 3657 642 3720 hoc-impressum
652 3656 726 3704 estin
735 3655 905 3719 typographia
917 3655 1093 3704 Universitatis

290 3723 1094 3793 Iagellonicae,provisoreIosephoFilipowski,typothetisVla-

241 3801 322 3848 dislao
336 3800 519 3850 Theodorczuk
533 3807 558 3848 et
571 3797 662 3848 Carolo
673 3799 805 3862 Topiitski,
822 3798 982 3861 typographo
997 3798 1094 3846 Ioanne

241 3872 360 3936 Molecki,
377 3873 514 3921 Cracoviae
527 3873 558 3920 A.
569 3873 602 3920 D.
619 3872 705 3920 MCM.
716 3886 803 3919 mense
816 3869 905 3933 Aprili.
