3240 5478
547 751 747 802 GREGORIUS
765 751 955 802 SANOCEUS.

548 964 754 1038 Hellesponto
766 982 837 1023 cum
848 965 947 1022 classe
955 965 1055 1038 ipsum
1064 965 1342 1039 praestolabantur,
1350 964 1404 1023 sed

548 1045 739 1119 rapientibus
754 1045 784 1102 in
800 1045 956 1102 diversum
971 1045 1050 1117 fatis,
1064 1047 1179 1103 omisso
1194 1047 1233 1103 ad
1249 1047 1403 1103 sinistram

548 1125 764 1198 Hellespont0,
772 1125 811 1182 ad
819 1124 978 1201 Aegaeum
986 1127 1157 1184 exercitum
1165 1127 1404 1202 circumagebat.

548 1205 856 1278 IntereaTurci,sreti
869 1207 1043 1278 occasione,
1051 1207 1168 1282 ingenti
1177 1207 1322 1264 mercede
1331 1225 1406 1265 con-

550 1285 668 1342 duxere
682 1286 847 1344 Ianuenses
863 1305 957 1344 naves
972 1286 1012 1344 ad
1023 1286 1246 1361 reportandum
1262 1287 1293 1344 in
1307 1288 1406 1345 Euro-

549 1383 621 1439 pam
636 1367 752 1440 copias‚
767 1385 852 1440 quas,
867 1374 901 1424 ut
916 1367 1006 1425 litora
1020 1374 1194 1424 tutarentur
1208 1386 1226 1424 a
1240 1368 1405 1425 christiana

549 1447 656 1518 classe,
664 1465 743 1521 quae
752 1447 823 1505 illuc
831 1448 1001 1522 appulerat,
1013 1448 1043 1504 in
1050 1446 1156 1504 Asiam
1164 1449 1403 1506 transmiserant.

549 1526 615 1584 Nec
630 1545 725 1598 mora,
744 1527 817 1584 nihil
837 1529 898 1584 tale
919 1529 1089 1603 suspicanti
1108 1529 1174 1603 regi
1193 1546 1292 1602 prope
1307 1529 1405 1586 Bisto-

550 1608 632 1664 niam
650 1607 796 1681 paludem
817 1625 885 1665 sese
906 1609 1058 1668 obiecere.
1077 1609 1120 1666 Ibi
1141 1610 1342 1666 commissum
1360 1609 1405 1666 in-

549 1687 683 1744 faustum
699 1687 774 1745 illud
788 1689 949 1762 proelium,
964 1690 995 1745 in
1010 1708 1072 1762 quo
1084 1689 1185 1746 alieno
1197 1688 1328 1746 sortasse
1340 1706 1405 1746 sce-

551 1767 624 1840 lere,
638 1768 694 1825 sed
709 1785 766 1824 suo
782 1786 970 1841 suorumque
985 1769 1109 1841 damno,
1123 1787 1180 1827 rex
1195 1770 1319 1826 interiit.

551 1864 668 1966 XHI
701 1848 869 1924 Gregorius
883 1866 953 1906 cum
966 1849 1092 1923 reliquis
1105 1849 1329 1922 sacerdotibus,
1340 1850 1405 1922 qui-

674 1945 684 1967 ·
704 1929 762 1986 bus
776 1929 863 1986 nefas
878 1936 960 1985 esset
974 1947 1097 2005 pugnae
1106 1929 1265 2002 interesse,
1273 1948 1314 1987 ex
1322 1949 1404 1986 man-

552 2009 626 2066 dato
642 2009 724 2084 regis
745 2010 775 2065 in
790 2009 966 2082 proximum
981 2009 1094 2067 collem
1109 2028 1127 2067 a
1141 2011 1296 2085 principio
1311 2029 1345 2069 se
1359 2029 1404 2067 re-

550 2097 676 2163 ceperat
691 2089 795 2163 ibique
809 2107 867 2163 pro
883 2108 1009 2146 suorum
1024 2091 1154 2148 victoria
1169 2091 1351 2165 suppliciter
1365 2090 1403 2148 ad

551 2170 650 2226 Deum
672 2170 791 2245 agebat.
811 2168 889 2227 Cum
911 2188 985 2227 vero
1007 2170 1174 2228 nonnullos
1196 2171 1279 2228 circa
1300 2189 1403 2247 regem

551 2249 674 2307 foedam
689 2249 789 2308 moliri
805 2250 909 2325 sugam
932 2251 1095 2324 ipsumque
1110 2251 1142 2308 in
1155 2250 1295 2325 periculo
1311 2250 1402 2308 desti-

551 2336 637 2386 tuere
652 2330 781 2401 videret,
803 2330 916 2387 frustra
934 2349 1027 2404 saepe
1048 2332 1181 2389 inermes
1201 2339 1233 2388 et
1251 2331 1401 2389 bellorum

552 2411 625 2467 artis
640 2410 733 2467 rudes
748 2410 928 2467 sacerdotes
944 2411 1080 2468 animare
1095 2419 1225 2469 conatus
1237 2420 1293 2482 est,
1308 2419 1341 2468 ut
1352 2429 1404 2468 sua

551 2508 685 2564 corpora
698 2507 756 2564 pro
771 2491 853 2566 regis
869 2491 967 2548 salute
982 2492 1154 2565 opposituri
1170 2491 1403 2550 descenderent.

552 2569 810 2644 Accursurusque
825 2578 890 2628 erat
904 2571 1005 2643 solus,
1024 2589 1087 2628 non
1102 2579 1137 2628 ut
1152 2590 1244 2646 opem
1259 2572 1354 2630 ferret
1367 2605 1404 2614 —

552 2651 627 2724 quid
642 2653 725 2709 enim
740 2671 819 2708 unus
834 2659 865 2708 et
881 2651 1005 2709 inermis
1020 2652 1101 2708 inter
1111 2659 1159 2709 tot
1170 2660 1304 2710 armatos
1319 2658 1404 2726 pote-

552 2732 711 2788 rat-sed
720 2749 791 2789 cum
804 2733 855 2788 illo
864 2750 956 2804 quam
969 2732 1185 2790 honestissime
1198 2734 1403 2796 occumberet.

553 2811 669 2868 Verum
685 2819 814 2885 repente
830 2811 967 2885 undique
984 2819 1096 2886 coepta
1110 2811 1192 2888 suga,
1211 2830 1318 2888 regem
1333 2831 1405 2886 quo·

552 2910 613 2965 que
628 2893 728 2966 ipsum
743 2910 761 2948 e
776 2898 947 2965 conspectu
962 2892 1096 2950 abstulit.
1110 2893 1217 2966 Itaque
1234 2911 1305 2950 cum
1317 2900 1348 2951 et
1361 2911 1405 2949 re-

553 2972 626 3044 liqui
640 2971 818 3030 sacerdotes
830 2971 935 3048 fugam
947 2972 1137 3044 molirentur,
1151 2972 1320 3049 Gregorius
1331 2990 1405 3047 quo-

554 3070 614 3124 que
626 3053 723 3127 magis
732 3053 946 3110 crudelitatem
954 3053 1062 3110 mortis
1074 3060 1106 3110 et
1117 3054 1328 3111 membrorum
1340 3070 1405 3111 cru-

553 3133 666 3188 ciatum
680 3133 779 3189 vitans
795 3151 888 3206 quam
907 3133 947 3190 de
966 3134 1029 3190 vita
1047 3133 1206 3206 sollicitus,
1225 3141 1260 3190 ut
1279 3135 1314 3191 fit
1328 3135 1359 3192 in
1372 3150 1404 3190 re

553 3212 682 3285 trepida,
697 3212 858 3270 fortuitum
873 3215 931 3270 iter
946 3213 1078 3270 intravit.
1098 3213 1164 3271 Nec
1178 3215 1289 3288 procul
1304 3233 1322 3271 a
1336 3213 1402 3271 loco

553 3309 676 3366 pugnae
687 3293 804 3350 nudum
815 3293 1056 3367 vulneribusque
1067 3311 1104 3351 ac
1115 3295 1189 3352 tabo
1201 3293 1403 3362 deformatum

554 3372 742 3430 cardinalem
764 3375 881 3430 invenit
901 3375 930 3431 in
952 3374 1081 3448 palustri
1096 3392 1194 3432 caeno
1210 3376 1342 3432 animam
1354 3391 1403 3431 ex-

553 3453 716 3524 halantem,
731 3455 780 3510 cui
796 3454 1007 3527 obequitando
1023 3455 1076 3512 ait:
1099 3455 1209 3512 merito
1225 3453 1403 3528 mquidem,

553 3533 609 3590 sed
624 3534 717 3604 solus,
733 3534 776 3590 sic
791 3535 892 3607 perire
904 3534 1047 3606 debuisti,
1062 3536 1153 3592 ausus
1165 3535 1271 3592 sedem
1284 3542 1404 3609 aposto·

554 3613 644 3670 licam
654 3613 803 3687 perfidiae
815 3621 977 3687 patronam
989 3614 1094 3672 dicere
1105 3633 1141 3673 ac
1153 3615 1265 3673 facere.
1278 3615 1340 3674 Sed
1348 3617 1403 3672 iam

554 3695 634 3751 malo
654 3702 709 3751 tuo
728 3701 875 3767 expertus
895 3713 937 3766 eS,
961 3713 1024 3752 non
1043 3697 1139 3753 verba
1158 3695 1214 3753 sed
1232 3696 1402 3754 voluntates

553 3774 710 3831 hominum
726 3775 794 3832 Deo
809 3775 897 3832 cordi
912 3793 988 3832 esse.

555 3871 679 3972 XIV
713 3854 808 3912 Forte
819 3854 867 3911 vir
878 3856 985 3913 aetatis
999 3873 1072 3913 suae
1080 3856 1308 3932 impigerrimus
1316 3863 1403 3929 atque

682 3951 693 3973 ·
716 3936 799 3992 omni
811 3935 929 3992 honore
940 3937 1107 3994 verborum
1119 3955 1136 3993 a
1146 3936 1280 4010 posteris
1292 3952 1404 3994 memo-

554 4014 678 4086 randus,
696 4013 826 4073 Ioannes
841 4016 881 4073 de
894 4015 1039 4090 Hunyad,
1059 4035 1092 4074 se
1111 4016 1151 4074 ad
1165 4017 1343 4075 Danubium
1357 4032 1404 4074 eo-

554 4094 742 4153 demitinere
750 4096 928 4170 recipiebat,
936 4115 1037 4170 quem,
1045 4104 1153 4172 utpote
1160 4097 1248 4174 regni
1257 4098 1405 4173 guberna-
