3240 5478
562 797 763 849 GREGORIUS
783 798 974 849 SANOCEUS.

562 1013 619 1071 sibi
634 1012 735 1070 Deum
750 1012 954 1070 immortalem
969 1030 1026 1086 per
1037 1012 1186 1070 sacrificia
1201 1011 1416 1070 caerimonias-

563 1112 623 1167 que
638 1093 711 1150 alias
726 1093 859 1150 maxime
874 1111 980 1151 curam
995 1092 1145 1152 crederet.
1166 1093 1201 1150 ld
1215 1110 1328 1150 munus
1342 1090 1417 1149 Gre-

563 1174 678 1250 gorius
690 1174 743 1247 qui
754 1173 926 1231 secundum
933 1174 1034 1231 Deum
1045 1174 1170 1250 regibus
1182 1173 1261 1230 illius
1275 1179 1352 1229 nutu
1364 1172 1417 1228 im-

563 1254 742 1328 perantibus
758 1253 851 1311 sciret
870 1254 1158 1327 obtemperandum,
1177 1253 1305 1327 recepit,
1326 1258 1416 1325 atque

563 1336 643 1391 inter
659 1335 744 1392 initia
758 1334 946 1409 suscipiendi
968 1335 1138 1392 Pannonici
1158 1334 1245 1409 regni
1267 1334 1418 1409 guberna-

563 1414 641 1485 cula,
656 1431 727 1472 cum
741 1432 813 1488 pars
828 1415 1012 1488 optimatum
1023 1415 1063 1472 ad
1074 1415 1213 1491 reginam
1227 1413 1352 1471 viduam
1366 1412 1418 1470 de-

564 1496 713 1566 scivisset,
721 1513 762 1552 ex
773 1513 885 1570 magna
895 1501 983 1568 parte
995 1494 1126 1553 consilio
1137 1502 1169 1552 et
1178 1493 1345 1568 prudentia
1356 1511 1418 1563 sua,

563 1576 676 1648 quibus
691 1575 793 1632 modis
808 1576 972 1632 intestinae
987 1575 1157 1633 simultates
1172 1575 1359 1648 sopirentur,
1374 1574 1417 1630 in-

563 1656 656 1713 venit.
677 1655 774 1712 Duxit
793 1654 907 1712 deinde
926 1672 982 1712 rex
1000 1655 1048 1713 bis
1063 1655 1295 1730 expeditionem
1310 1661 1417 1712 contra

562 1735 684 1794 Turcos
705 1742 737 1792 et
758 1736 789 1791 in
808 1737 907 1809 prima
921 1735 1056 1809 quidem,
1075 1753 1146 1793 cum
1161 1736 1221 1792 iam
1236 1736 1267 1792 in
1283 1733 1416 1791 inferiori

562 1816 669 1890 Mysia,
683 1816 763 1873 ultra
777 1814 965 1888 Cyambrum
980 1835 1111 1888 amnem,
1126 1816 1166 1873 ad
1177 1815 1297 1873 radices
1308 1814 1416 1871 Haemi

564 1897 678 1954 montis
697 1903 797 1953 castra
817 1897 953 1967 haberet,
967 1896 1196 1971 postulantibus
1210 1895 1330 1966 TurciS,
1345 1911 1417 1952 con-

564 1975 704 2034 diciones
719 1994 755 2034 ac
770 1993 880 2051 pacem
893 1976 1095 2034 decennalem
1111 1976 1205 2034 dedit.
1221 1976 1254 2033 In
1266 1994 1327 2049 qua
1337 1975 1418 2049 paci-

564 2057 718 2128 ficatione,
733 2075 803 2114 cum
818 2056 912 2114 Turci
928 2064 1071 2131 peterent
1086 2064 1116 2114 et
1130 2056 1263 2113 lulianus
1279 2055 1416 2113 cardina-

565 2136 601 2193 lis
616 2137 770 2209 suaderet,
784 2137 869 2210 quod
885 2138 916 2194 in
931 2137 1072 2196 sollemni
1092 2137 1244 2194 sacrificio
1264 2155 1320 2194 rex
1339 2142 1417 2194 tacta

564 2217 758 2275 Eucharistia
770 2217 967 2275 iureiurando
979 2217 1145 2275 affirmaret
1156 2236 1189 2274 se
1201 2235 1272 2275 cum
1284 2217 1346 2274 suis
1357 2215 1419 2273 loe-

565 2298 622 2355 dus
634 2305 836 2369 servaturum,
847 2317 886 2355 ne
899 2297 929 2355 id
940 2298 1038 2369 lieret,
1048 2298 1217 2374 Gregorius
1225 2316 1258 2354 se
1267 2297 1419 2371 opposuit,

565 2378 778 2452 impiissimum
793 2379 911 2436 lacinus
927 2397 995 2436 esse
1007 2396 1196 2448 asseverans
1207 2379 1232 2434 si
1244 2393 1421 2434 sacrosanc-

565 2465 630 2516 tum
645 2459 804 2534 religionis
826 2466 950 2516 nostrae
968 2476 1114 2517 arcanum
1131 2458 1333 2533 profanorum
1349 2474 1419 2515 ocu-

565 2539 601 2595 lis
610 2539 1051 2610 subiceretur,nihilnefastius
1059 2539 1210 2596 committi
1219 2555 1321 2612 posse,
1329 2555 1418 2611 quam

566 2619 713 2676 adhibere
721 2620 822 2677 Deum
831 2637 893 2676 non
902 2619 997 2677 modo
1005 2626 1126 2690 testem,
1138 2619 1194 2677 sed
1203 2617 1417 2675 intermedium

566 2700 657 2757 etiam
669 2699 814 2771 foederis
825 2700 992 2773 quodcum
1001 2699 1132 2756 inimicis
1144 2700 1207 2756 suis
1219 2699 1355 2756 iniretur.
1364 2698 1419 2755 Re-

565 2780 646 2856 giam
661 2779 756 2837 fidem
771 2781 857 2856 regio
872 2780 969 2838 verbo
985 2787 1066 2836 stare
1081 2780 1209 2852 debere;
1230 2778 1418 2851 multumque

565 2861 733 2917 maiestatis
755 2861 921 2936 integritati
943 2861 1046 2936 regiae
1065 2861 1193 2931 detrahi,
1213 2860 1237 2916 si
1258 2860 1325 2916 sine
1344 2860 1419 2914 iura-

566 2949 671 2998 mento
687 2941 714 2997 ei
730 2958 793 2998 non
805 2940 958 2999 credatur,
972 2939 1057 2997 Alias
1067 2942 1258 3014 privatorum
1271 2958 1340 2996 esse
1351 2956 1417 2996 cau-

565 3022 667 3078 tiones
680 3021 753 3077 alias
763 3022 940 3094 principum
952 3027 983 3078 et
993 3028 1096 3078 tamen
1110 3020 1141 3077 id
1154 3021 1314 3077 iuramenti
1323 3037 1417 3094 genus

566 3119 584 3157 a
597 3101 724 3174 privatis
740 3119 803 3158 non
815 3101 907 3177 exigi.
921 3100 971 3159 Ad
983 3108 1157 3158 extremum
1173 3101 1328 3157 abiturum
1343 3118 1376 3156 se
1390 3105 1418 3155 et

566 3180 735 3258 profanata¹
743 3187 843 3238 castra
857 3182 1046 3253 relicturum,
1061 3182 1085 3238 si
1097 3200 1154 3238 rex
1165 3199 1203 3238 eo
1215 3179 1310 3237 modo
1323 3181 1417 3236 iurare

567 3268 788 3334 perseveraret.
809 3263 942 3319 Pervicit
962 3262 1075 3335 itaque,
1096 3269 1130 3319 ut
1151 3262 1240 3318 aliter
1260 3266 1418 3318 caveretur

567 3341 606 3398 de
621 3340 683 3398 fide
700 3341 844 3412 loederiS,
858 3343 998 3415 quamvis
1013 3348 1207 3418 repugnante
1221 3340 1349 3412 Iuliano,
1368 3338 1416 3413 qui

567 3422 664 3496 magis
687 3440 726 3479 ne
745 3427 862 3479 temere
882 3424 1014 3479 suasisse
1033 3423 1199 3494 videretur,
1219 3423 1250 3478 in
1269 3419 1417 3478 sententia

566 3502 761 3575 persistebat,
785 3519 877 3574 quam
894 3502 1037 3576 <quod>
1054 3520 1117 3559 non
1138 3501 1332 3578 intellegeret
1350 3517 1416 3557 vera

568 3600 645 3654 esse,
660 3600 739 3654 quae
752 3601 769 3638 a
783 3581 936 3658 Gregorio
951 3582 1142 3641 dicebantur.
1162 3580 1308 3641 Ceterum
1324 3579 1417 3639 cardi-

568 3662 654 3733 naliS,
668 3663 719 3736 qui
736 3663 832 3719 maius
854 3663 955 3721 scelus
970 3664 1098 3737 putabat
1113 3665 1272 3720 inventum
1287 3681 1356 3720 esse
1369 3660 1417 3718 ali·

567 3761 669 3815 quem,
689 3744 740 3816 qui
761 3744 899 3816 opinioni
914 3762 987 3800 suae
1002 3744 1158 3801 adversari
1173 3743 1311 3814 auderet,
1330 3758 1416 3815 quam

568 3823 788 3894 iusiurandum,
803 3823 888 3895 quod
904 3824 969 3898 ipse
981 3824 1161 3882 obeundum
1172 3824 1238 3900 regi
1251 3824 1344 3897 impie
1355 3837 1417 3878 sua-

568 3902 670 3974 debat,
682 3903 907 3977 implacabilem
916 3903 1063 3962 adversus
1072 3903 1257 3980 Gregorium
1265 3904 1341 3960 iram
1349 3919 1417 3960 con-

568 3984 650 4056 cepit
666 3984 779 4054 anim0,
798 4002 889 4056 quam
910 3984 1073 4042 evomendi
1096 4002 1170 4041 mox
1190 3983 1314 4041 fortuna
1329 3987 1417 4039 mate-

568 4063 643 4119 riam
660 4064 821 4139 suggessit.
