3240 5478
530 784 997 870 eeaeaa1vs„siuasavs2„„

972 857 980 864 π
1008 855 1300 868 «ηΑΑΑῆΛΛΜΛΑῆΑ-*Λι*

530 874 743 887 νκΛΛΛΛΛΛιΛΛΛκ
796 874 808 886 κ
825 873 835 886 Ι
857 873 962 887 All-rav*
970 874 1206 887 'xssfvvvvxstsxssfl'fxs
1220 875 1387 888 ·x.*'x·,⁴*x'·=s*.·=s

530 1006 644 1069 essent,
658 998 697 1062 de
709 999 863 1071 aequitate
875 1005 907 1055 ct
919 998 1033 1055 iustitia
1044 1006 1150 1075 ageret
1162 999 1309 1075 legesque
1322 1017 1390 1055 sus-

529 1079 690 1154 cipiendas
704 1078 919 1153 persuaderet3
940 1079 1186 1149 iurisconsultus,
1201 1079 1226 1135 si
1242 1079 1389 1136 tolleren-

529 1168 579 1217 tur
593 1160 688 1236 legeS,
708 1177 771 1216 non
787 1159 885 1235 magis
903 1158 1055 1233 prodesse
1075 1160 1257 1216 mortalibus
1271 1167 1389 1233 posset,

529 1259 622 1313 quam
638 1238 779 1298 medicus
794 1240 860 1296 sine
875 1239 1037 1296 medicina.

528 1337 676 1438 XLV
704 1319 1387 1394 Disciplinarumeasmaximeatqueinprimis

680 1416 691 1438 ⁰
709 1399 874 1457 discendas
890 1401 1048 1470 censebat,
1063 1419 1142 1474 quae
1158 1399 1388 1457 conservanda-

531 1499 599 1536 rum
614 1479 773 1537 civitatum
789 1496 882 1537 causa
897 1488 968 1538 sunt
984 1481 1136 1538 inventae.
1151 1479 1387 1537 Mathematicae

532 1561 684 1633 tantisper
703 1578 830 1635 operam
846 1560 990 1632 dandam,
1005 1561 1079 1618 dum
1094 1560 1268 1618 medicinae
1283 1561 1387 1617 servit.

530 1641 593 1698 Eos
608 1658 692 1711 vero,
704 1641 756 1713 qui
767 1660 808 1698 ex
819 1641 920 1698 sidere
932 1641 1034 1698 futura
1044 1640 1225 1715 praedicere
1236 1640 1388 1712 laborant,

530 1731 654 1795 praeter
669 1720 700 1777 id
715 1721 800 1794 quod
815 1739 908 1795 saepe
923 1721 1130 1796 decipiuntur,
1144 1728 1291 1794 torquere
1306 1739 1389 1779 mor-

531 1801 608 1858 tales
623 1809 675 1858 aut
689 1801 844 1859 bonorum
855 1800 1011 1859 desiderio
1023 1809 1075 1859 aut
1087 1801 1238 1858 malorum
1250 1807 1334 1858 metu
1346 1801 1389 1857 al-

531 1881 656 1939 terutris
670 1881 868 1939 denuntiatis.
880 1882 1004 1940 Scilicet
1016 1883 1108 1953 bona,
1119 1883 1144 1938 si
1156 1881 1387 1955 praedicuntur,

531 1963 650 2020 minora
662 1962 727 2019 fieri
740 1963 958 2036 expectatione
970 1980 1006 2020 ac
1016 1969 1149 2019 nontam
1162 1960 1305 2032 iucunda,
1316 1979 1386 2019 cum

531 2042 570 2099 ad
579 2041 720 2099 defessos
728 2043 925 2116 expectando
933 2043 1140 2116 pervenerint.
1149 2041 1313 2100 Malavero
1320 2041 1388 2099 diu-

531 2129 623 2179 turno
639 2129 722 2179 metu
742 2124 847 2199 augeri
867 2124 1053 2198 graviusque
1074 2122 1221 2199 affligere,
1241 2139 1311 2179 cum
1327 2123 1386 2179 iam

531 2203 736 2260 consternatis
751 2203 861 2260 animis
876 2203 960 2274 nihil,
974 2202 1060 2276 quod
1075 2203 1133 2261 sibi
1149 2203 1288 2273 obsistat,
1303 2203 1386 2260 inve-

533 2283 626 2339 niant,
646 2282 755 2340 Nullos
770 2290 873 2341 autem
892 2284 990 2360 magis
1010 2283 1056 2340 sui
1076 2283 1161 2357 ipsos
1182 2283 1295 2340 oblitos
1310 2301 1387 2354 esse,

532 2380 624 2435 quam
640 2363 692 2435 qui
709 2363 783 2420 nihil
797 2381 854 2438 per
868 2381 901 2421 se
917 2363 1105 2421 inveniendo
1125 2365 1155 2420 in
1176 2362 1306 2420 aliorum
1322 2364 1386 2436 opi-

532 2443 676 2500 nionibus
691 2443 814 2500 tuendis
826 2445 968 2518 occupati
980 2450 1094 2514 essent,
1109 2443 1304 2516 maximeque
1319 2441 1387 2499 Ari-

533 2521 661 2593 stoteliS,
676 2541 733 2596 pro
749 2524 836 2580 cuius
852 2525 1013 2581 sententiis
1028 2523 1251 2582 conservandis
1266 2529 1312 2580 tot
1326 2523 1386 2580 iam

532 2603 692 2660 volumina
706 2604 823 2678 repleta
843 2603 976 2674 dicebat,
995 2611 1029 2660 ut
1044 2604 1154 2661 mirum
1175 2602 1273 2660 videri
1293 2611 1386 2676 queat

532 2701 596 2740 non
608 2682 744 2759 intellegi
757 2685 795 2742 ab
804 2684 992 2757 hominibus;
1004 2684 1152 2758 pleraque
1164 2683 1240 2740 salsa
1248 2701 1316 2740 esse
1328 2683 1386 2740 illis

533 2763 563 2820 in
574 2763 801 2835 traditionibus,
812 2782 900 2838 quae,
911 2771 945 2821 ut
956 2770 1225 2834 conservarentur,
1232 2771 1280 2821 tot
1290 2763 1386 2821 admi-

530 2843 640 2902 niculis
656 2861 783 2920 eguere,
797 2843 1051 2917 quandoquidem
1066 2862 1111 2916 ea,
1126 2863 1205 2917 quae
1219 2862 1293 2901 vera
1307 2851 1387 2914 sunt,

532 2924 563 2980 in
575 2930 685 2981 natura
695 2942 752 2999 per
761 2942 794 2982 se
802 2925 973 2983 subsistunt
984 2924 1204 2997 efficaciusque
1215 2925 1386 3000 cognitioni

532 3010 656 3061 nostrae
675 3023 709 3061 se
731 3005 884 3081 ingerunt,
905 3022 997 3079 quam
1018 3022 1096 3079 quae
1116 3005 1306 3080 argumentis
1325 3005 1386 3061 sint

533 3084 754 3142 confirmanda.
768 3084 829 3141 lllis
841 3103 925 3156 vero,
940 3085 1061 3158 quaein
1074 3085 1221 3159 opinione
1233 3084 1291 3142 sita
1306 3092 1386 3154 sunt,

534 3180 635 3236 neque
651 3164 823 3222 innituntur
839 3165 897 3222 nisi
912 3165 1039 3223 vanitati
1056 3165 1183 3222 alicuius
1199 3164 1284 3222 dubii
1298 3183 1387 3239 prae·

533 3243 626 3314 missi,
640 3250 786 3317 tanquam
802 3246 875 3302 satis
889 3246 1054 3320 probatum
1074 3251 1165 3316 esset,
1180 3251 1242 3301 tam
1258 3245 1385 3301 stultum

532 3322 623 3397 plane
638 3325 788 3395 assentiri,
804 3343 895 3398 quam
910 3327 976 3383 sine
991 3325 1199 3382 fundamentis
1214 3324 1386 3382 aedificare.

531 3403 585 3474 Ea,
600 3422 678 3476 quae
693 3422 711 3460 a
724 3405 860 3479 physicis
874 3405 1019 3463 dicuntur
1034 3405 1074 3462 de
1090 3406 1164 3463 solis
1182 3405 1335 3478 lunaeque
1351 3424 1386 3462 ac

532 3483 723 3557 reliquorum
735 3485 871 3543 siderum
883 3486 1105 3561 magnitudine,
1114 3484 1282 3561 splendore
1290 3504 1326 3543 ac
1334 3486 1388 3543 de·

531 3563 625 3635 lectu,
640 3574 670 3622 et
686 3573 789 3622 cetera
808 3565 839 3622 id
854 3583 963 3640 genus,
977 3584 1045 3623 esse
1064 3565 1226 3636 eiusmodi,
1241 3573 1274 3623 ut
1289 3567 1387 3641 magis

532 3662 595 3701 non
607 3645 791 3718 reprehendi
803 3646 932 3719 possint,
944 3664 1036 3718 quam
1048 3663 1122 3703 vera
1132 3644 1227 3703 credi.
1238 3645 1271 3702 ld
1284 3654 1386 3703 autem

532 3725 562 3781 in
578 3742 685 3781 eorum
703 3725 835 3782 inventis
853 3725 1067 3784 tantummodo
1078 3725 1284 3799 probandum,
1300 3725 1385 3798 quod

530 3805 663 3862 maxime
678 3805 819 3863 sensibus
839 3806 952 3863 nostris
967 3823 1003 3863 ac
1018 3806 1161 3881 religioni
1176 3812 1338 3881 congruat.
1352 3805 1385 3862 ln

522 3884 658 3957 reliquis
670 3885 907 3959 haudquaquam
919 3903 1073 3963 occupare
1085 3905 1118 3943 se
1130 3894 1285 3960 oportere,
1300 3886 1385 3959 quod

533 3981 591 4021 nec
605 3965 787 4022 confirmata
798 3983 856 4023 nec
869 3965 1028 4023 confutata
1041 3967 1207 4039 quicquam
1223 3966 1387 4024 conserant

533 4043 571 4099 ad
587 4045 667 4101 bene
682 4045 862 4118 vivendum;
875 4045 934 4116 illa,
950 4065 1028 4119 quae
1043 4045 1189 4103 dicuntur
1206 4045 1385 4115 asserend0,

533 4124 625 4181 bruta
637 4141 742 4182 carere
753 4126 882 4198 ratione,
894 4127 1052 4184 hominum
1064 4125 1189 4187 dicebat
1199 4144 1268 4183 esse
1280 4127 1386 4184 inven-
