3240 5478
1002 842 1079 893 FOL.
1098 842 1136 892 XI

277 910 309 924 N

281 927 542 942 IVNNVWNWVWVV*

277 1073 358 1112 rum:
375 1056 405 1111 in
421 1054 479 1112 isto
495 1073 615 1111 summa
630 1053 792 1126 modestia,
812 1055 981 1128 praecipua
1002 1055 1083 1112 vitae
1098 1072 1134 1112 ac

278 1153 399 1193 morum
411 1135 580 1211 integritaS,
595 1136 715 1191 virtutis
727 1135 1032 1226 eximiumstudium,
1046 1135 1135 1193 vitio-

278 1234 345 1272 rum
358 1215 529 1272 immortale
542 1215 648 1272 odium
654 1233 661 1288 ;
674 1216 704 1272 in
716 1214 768 1272 illo
780 1215 917 1288 undique
930 1216 1050 1272 luxuria
1060 1216 1135 1273 emi-

278 1297 380 1367 nebat,
394 1297 456 1352 vita
471 1305 502 1352 et
517 1313 620 1352 mores
635 1295 871 1369 corruptissimi,
885 1295 998 1353 nullius
1012 1297 1134 1353 virtutis

271 1394 360 1448 cura,
381 1384 412 1433 et
434 1376 519 1434 omni
541 1393 657 1452 genere
678 1377 823 1433 vitiorum
846 1376 1078 1434 contaminandi
1101 1394 1134 1433 se

277 1456 361 1514 velut
372 1454 466 1513 ardor
478 1456 674 1529 immodicus;
690 1457 945 1532 congruebatque
960 1463 1022 1513 tam
1036 1473 1134 1530 pravo

278 1537 403 1612 ingenio
415 1537 542 1594 sordida
553 1544 583 1594 et
594 1537 662 1594 vilis
673 1538 767 1593 vestis
779 1554 817 1594 ac
827 1538 923 1594 ceteri
934 1537 1055 1595 habitus
1070 1536 1135 1594 foe-

278 1616 357 1674 ditas
379 1617 567 1690 squalorque
594 1617 624 1674 in
646 1624 714 1674 toto
736 1633 869 1690 corpore
891 1617 980 1688 adeo,
1006 1623 1040 1674 ut
1061 1617 1135 1674 nibil

277 1715 375 1770 aeque
394 1703 557 1770 appareret
576 1698 805 1770 inquinaturum
827 1697 969 1773 Gregorii
989 1696 1136 1772 splendo-

276 1795 352 1848 rem,
366 1795 459 1850 quam
475 1779 499 1833 si
511 1777 638 1835 fratrem
649 1784 843 1853 agnosceret.
858 1777 927 1852 lpse
941 1785 1045 1835 tamen
1060 1777 1134 1834 satis

277 1865 380 1915 certus
396 1858 469 1914 nihil
485 1858 524 1915 ad
539 1876 573 1914 se
586 1859 753 1931 pertinere,
774 1857 924 1931 quicquid
939 1864 1048 1915 natura
1062 1875 1133 1915 cum

276 1937 370 1995 fratre
385 1939 509 2012 egisset,
525 1938 610 1994 illum
624 1938 760 2014 benigne
782 1945 961 2012 susceptum
982 1937 1133 2012 pauculos

278 2018 344 2075 dies
359 2018 442 2092 apud
458 2037 491 2075 se
506 2018 620 2076 habuit.
641 2019 717 2075 Mox
731 2017 830 2075 divisa
845 2036 916 2076 cum
931 2037 969 2076 eo
984 2025 1072 2091 parte
1086 2035 1135 2076 re-

278 2117 355 2170 rum,
370 2117 446 2172 quas
462 2098 568 2156 labore
580 2105 611 2155 et
623 2099 773 2156 industria
788 2117 843 2156 sua
857 2100 1075 2172 conquisierat,
1090 2098 1135 2156 di-

279 2180 362 2236 misit
376 2197 566 2250 asseverans,
587 2179 685 2236 multo
706 2179 776 2252 plus
798 2180 891 2238 tribui
913 2196 971 2253 pro
993 2186 1135 2252 tempore

281 2267 426 2332 oportere
441 2265 568 2327 naturae
583 2259 709 2331 viribus
724 2277 817 2332 quam
832 2260 960 2317 vanitati
975 2258 1137 2317 blandien-

279 2340 317 2396 tis
332 2338 488 2397 fortunae:
511 2340 590 2398 hanc
610 2340 710 2397 levem
725 2347 757 2397 et
771 2339 1032 2411 commutabilem,
1053 2339 1135 2397 illam

279 2420 420 2476 stabilem
442 2427 473 2476 et
487 2427 669 2494 perpetuam
685 2438 762 2476 esse.
784 2418 924 2494 Cumque
939 2420 1065 2494 quidam
1081 2420 1137 2476 mi·

278 2501 337 2556 rari
352 2518 386 2558 se
401 2499 529 2571 diceret,
543 2500 703 2574 quomodo
718 2500 784 2557 fieri
796 2507 912 2574 posset,
927 2509 960 2556 ut
975 2500 1068 2558 iidem
1083 2518 1137 2574 pa-

278 2586 382 2637 rentes
403 2587 467 2637 tam
488 2581 629 2638 diversae
656 2586 784 2637 naturae
805 2580 886 2638 filios
907 2587 1136 2654 procreassent,

280 2661 390 2734 inquit:
407 2662 438 2717 in
453 2660 565 2718 eodem
580 2660 690 2718 frutice
706 2661 795 2734 spina
809 2668 841 2718 et
855 2679 926 2718 rosa
940 2661 1084 2718 nascitur.

370 2741 492 2798 Eodem
504 2748 645 2815 tempore
656 2758 730 2799 casu
742 2740 781 2797 ad
790 2759 899 2798 manus
907 2741 973 2798 eius
981 2739 1136 2798 devenere

333 2835 345 2859 ·
373 2823 484 2878 satirae
499 2821 660 2892 Iuvenalis,
674 2840 751 2895 quas
766 2838 838 2879 cum
853 2820 992 2879 studiose
1007 2821 1135 2897 legeret,

269 2899 310 2956 ‘in
326 2901 401 2959 illud
416 2901 537 2960 incidit:

315 2992 409 3040 Lectus
429 2999 483 3041 erat
501 2992 586 3042 Codro
604 2993 712 3041 Procula
731 2993 820 3054 minor,
840 2992 937 3041 urceoli
956 3007 1009 3053 sex,

315 3063 500 3112 Ornamentum
519 3065 601 3126 abaci,
621 3079 670 3113 nec
688 3079 742 3112 non
756 3070 781 3112 et
799 3064 920 3128 parvulus
939 3063 1006 3112 infra

315 3135 464 3196 Cantharus,
485 3141 510 3183 et
528 3137 652 3184 recubans
671 3135 718 3184 sub
737 3136 828 3184 eodem
847 3150 972 3184 marmore
990 3131 1112 3184 Chiron¹

278 3221 319 3279 Et
332 3223 425 3296 paulo
441 3223 531 3280 infra:

323 3313 367 3361 Nil
380 3312 470 3362 habuit
483 3313 589 3376 Codrus,
604 3315 660 3378 quis
673 3314 741 3362 enim
753 3317 848 3376 negat?
861 3320 886 3362 et
898 3320 985 3363 tamen
997 3313 1060 3362 illud

325 3385 438 3434 Perdidit
449 3385 540 3433 infelix
553 3391 634 3434 totum
647 3385 710 3433 nihil
719 3383 741 3444 ⁹;
761 3391 786 3434 et
799 3392 890 3434 cetera.

281 3462 330 3519 Ex
337 3464 449 3536 quibus
459 3465 637 3540 ingeniosus
646 3465 765 3522 iuvenis
777 3464 848 3522 ilico
857 3463 1137 3522 animadvertitdo-

280 3549 400 3601 ctorem
407 3544 624 3616 Dambrowka,
633 3546 685 3618 qui
700 3552 775 3602 tunc
790 3547 821 3602 in
835 3545 1025 3603 Polonorum
1040 3545 1136 3601 histo-

281 3623 341 3680 rias
363 3625 586 3682 commentaria
607 3625 771 3697 scribebat,
797 3626 900 3683 statim
922 3626 952 3682 in
973 3625 1136 3699 prooemio

281 3704 358 3777 ipso,
370 3705 423 3762 ubi
435 3705 474 3763 de
487 3703 592 3764 Codro
604 3706 721 3763 mentio
733 3713 789 3777 est,
801 3724 932 3779 errasse;
949 3711 1137 3778 exposuerat

280 3785 371 3856 enim,
391 3792 538 3859 tanquam
558 3786 597 3843 de
613 3784 719 3845 Codro
733 3785 969 3844 Atheniensium
988 3803 1063 3860 rege
1084 3802 1137 3841 au-

282 3863 369 3921 ctor⁸
390 3866 590 3938 meminisset,
610 3885 689 3940 quae
708 3867 862 3924 sententia
877 3866 1010 3924 maxime
1025 3865 1137 3923 abhor-

281 3945 369 4002 rebat
384 3947 422 4003 ab
438 3947 484 4018 iis,
503 3965 582 4020 quae
602 3954 781 4020 sequuntur.
802 3946 908 4020 Itaque
927 3963 1044 4004 remae
1059 3945 1138 4002 iudi-

321 4054 328 4083 ¹
346 4053 434 4103 Iuven.
454 4055 500 4116 111,
521 4063 635 4120 203-5.

318 4119 328 4150 ²
346 4125 442 4174 ibidem
461 4125 575 4192 208-9.

319 4191 329 4220 ‘³
347 4198 496 4247 Vincentius
515 4198 659 4247 Kadlubek.
