3240 5478
551 792 751 845 oanootuus
771 796 960 877 surrogatus.

554 863 810 877 “XMWVVAVHRJJXJWJ
823 864 845 877 's
901 871 909 877 υ
919 864 1404 879 JVNMAANWWVWWAAAA

552 881 591 894 fs„
616 882 700 895 ναῖκι)
725 886 836 896 »sss-suu«.
854 883 871 894 lx
885 888 911 895 «w
924 882 1405 898 Nvavwvav'mwvvvvvwvx

549 1026 797 1126 XXXVII
841 1007 920 1065 Nam
940 1009 1060 1082 reliquo
1080 1015 1221 1084 tempore
1243 1010 1405 1084 generales

803 1105 813 1126 ·
841 1097 1013 1146 conventus
1021 1089 1127 1146 vitavit
1138 1096 1170 1147 et
1179 1091 1287 1164 paucis
1299 1089 1407 1147 admo·

549 1167 623 1224 dum
634 1169 761 1242 privatis
775 1169 919 1226 interfuit.
935 1169 997 1227 Sed
1009 1169 1093 1242 quod
1106 1171 1255 1244 optimum
1269 1171 1299 1226 in
1312 1171 1405 1227 rebus

549 1247 678 1324 agendis
690 1249 870 1321 censuisset,
882 1267 1104 1322 nonnunquam
1116 1250 1182 1326 regi
1193 1268 1250 1324 per
1258 1250 1405 1324 epistolas

550 1329 752 1403 significabat,
768 1336 801 1386 ut
813 1329 923 1387 fecisse
935 1337 1066 1401 constat,
1082 1348 1145 1402 quo
1156 1337 1297 1404 tempore
1309 1331 1407 1386 maxi-

550 1427 600 1466 mo
616 1409 785 1466 litterarum
801 1411 1042 1483 nuntiorumque
1061 1411 1177 1468 ambitu
1193 1429 1210 1467 a
1225 1428 1298 1486 rege
1313 1428 1405 1468 voca-

549 1491 648 1555 batur,
663 1491 797 1562 quicum
811 1491 916 1547 inclito
924 1491 1133 1565 primogenito
1141 1508 1198 1548 suo
1206 1491 1245 1548 ad
1254 1491 1405 1564 recipien-

549 1570 624 1626 dum
640 1569 804 1626 Bohemiae
823 1588 954 1645 regnum
970 1571 1069 1644 ipsum
1084 1571 1207 1629 mittere
1223 1572 1404 1632 instituerat.

549 1649 627 1706 Nam
635 1667 692 1724 per
699 1656 831 1707 aetatem
843 1657 874 1707 et
885 1650 1093 1707 valetudinem
1106 1651 1137 1707 id
1149 1652 1266 1726 negotii
1277 1670 1295 1709 a
1306 1671 1339 1708 se
1351 1651 1405 1709 de-

548 1736 739 1804 precaturus,
750 1731 815 1806 regi
827 1731 963 1804 scripsit:
977 1730 1191 1789 ›Immaturum
1200 1731 1266 1788 fore
1274 1750 1404 1805 puerum

550 1828 660 1886 regno,
682 1829 783 1884 neque
803 1817 864 1867 tam
887 1811 1039 1882 accersiri,
1054 1817 1087 1867 ut
1103 1812 1134 1867 in
1148 1811 1295 1868 Bohemia
1310 1813 1406 1888 impe-

549 1898 640 1961 raret,
651 1909 743 1963 quam
754 1893 817 1964 peti
830 1892 922 1949 veluti
935 1892 1047 1967 pignus
1064 1899 1095 1948 et
1107 1891 1247 1949 obsidem
1264 1891 1405 1949 Bohemi-

550 1972 577 2028 ci
593 1971 665 2028 belli
687 1972 815 2046 gerendi
836 1979 867 2028 et
885 1971 1087 2046 propulsandi
1106 1990 1162 2046 per
1181 1971 1323 2030 Polonos
1342 1973 1405 2029 Ex-

549 2051 703 2124 pectanda
725 2053 852 2109 meliora
873 2060 1023 2126 tempora,
1049 2053 1192 2109 meliores
1214 2054 1404 2110 occasiones

549 2131 627 2188 Nam
643 2133 667 2187 si
682 2132 813 2189 filiosuo
827 2132 857 2189 id
869 2150 999 2207 regnum
1012 2133 1157 2190 divinitus
1169 2132 1344 2208 deberetur,
1358 2133 1404 2190 fu-

549 2218 651 2268 turum
668 2213 804 2282 omnino,
825 2219 859 2269 ut
881 2214 946 2270 eius
967 2212 1177 2288 gubernacula
1192 2220 1313 2270 maturo
1327 2221 1404 2270 tem-

550 2309 626 2365 pore
649 2293 813 2366 reciperet,
836 2294 861 2349 si
884 2311 958 2350 vero
975 2293 1025 2349 alii
1050 2295 1183 2367 cuipiam
1205 2294 1405 2366 polliceretur

550 2390 567 2428 a
582 2372 655 2444 fatu,
670 2379 702 2429 et
716 2379 790 2430 tunc
812 2379 842 2430 et
857 2374 930 2430 alias
946 2374 977 2430 in
993 2374 1111 2430 irritum
1126 2391 1250 2431 casuras
1265 2375 1403 2431 actiones

549 2470 666 2524 eorum,
678 2453 729 2525 qui
742 2452 811 2509 fatis
824 2472 856 2510 se
869 2460 1072 2528 opponerent.
1084 2455 1181 2511 Porro
1193 2461 1267 2512 tunc
1279 2454 1403 2511 demum

549 2532 655 2590 fatales
671 2534 851 2590 occasiones
866 2533 1038 2605 tentandas
1053 2551 1124 2591 cum
1139 2534 1178 2591 ad
1190 2552 1257 2591 eam
1273 2541 1403 2591 aetatem

549 2614 741 2687 pervenisset
752 2614 944 2686 adulescens,
956 2615 1056 2688 inqua
1067 2621 1173 2689 posset
1185 2633 1277 2690 agere
1289 2621 1320 2672 et
1331 2632 1405 2672 con-

550 2694 679 2751 sulere‹.

548 2792 820 2892 XXXVIII
853 2775 900 2831 De
915 2775 1066 2850 religione
1086 2781 1119 2831 ut
1138 2774 1275 2849 piissime
1294 2775 1406 2832 sentie-

745 2893 747 2898 .
825 2871 836 2892 ·
854 2856 915 2926 bat,
927 2855 968 2911 ita
978 2855 1113 2930 graviter
1124 2861 1155 2912 et
1166 2855 1328 2912 severevel
1340 2855 1406 2929 plu-

550 2934 660 2991 rimum
676 2933 873 3007 loquebatur;
897 2953 1029 3007 raroque
1049 2942 1080 2992 et
1099 2935 1222 2992 nonnisi
1243 2953 1314 2993 cum
1333 2953 1405 3008 pru-

550 3013 695 3071 dentibus
710 3015 783 3071 viris
799 3015 837 3071 de
853 3014 964 3072 divinis
979 3017 1072 3073 rebus
1087 3015 1303 3073 disserendum
1317 3023 1415 3089 puta.

550 3095 611 3151 bat.
626 3095 745 3170 Vulgus
761 3113 800 3153 eo
815 3096 951 3153 sanctius
967 3095 1079 3152 divinis
1094 3096 1269 3169 praeceptis
1286 3097 1404 3153 obtem-

549 3181 736 3247 peraturum,
752 3191 814 3248 quo
829 3175 918 3249 plura
929 3177 1088 3251 incognita
1100 3177 1158 3233 sibi
1170 3183 1201 3233 et
1213 3193 1325 3233 arcana
1336 3194 1404 3232 esse

551 3255 581 3310 in
590 3255 739 3330 religione
748 3254 898 3312 crederet.
910 3255 1035 3313 Nullum
1043 3257 1125 3313 enim
1134 3257 1314 3330 mysterium
1325 3255 1403 3314 adeo

550 3352 671 3391 sacrum
686 3340 717 3391 et
731 3336 909 3411 religiosum
921 3355 961 3393 ex
972 3343 1081 3392 natura
1092 3355 1155 3407 sua,
1175 3343 1209 3393 ut
1228 3337 1294 3393 sine
1310 3336 1404 3394 caeri-

550 3416 721 3472 moniarum
741 3415 917 3473 velamento
938 3417 1036 3490 possit
1051 3435 1068 3473 a
1084 3416 1216 3490 quadam
1231 3416 1325 3473 veluti
1340 3416 1405 3473 vili-

549 3501 611 3552 tate
626 3514 659 3552 se
674 3495 852 3552 defendere.
866 3495 1048 3571 Allegorias‚
1068 3515 1146 3570 quae
1162 3498 1193 3553 in
1208 3514 1295 3555 sacra
1309 3497 1403 3554 bisto-

549 3576 593 3632 ria
608 3575 813 3647 adducuntur,
825 3595 888 3633 non
900 3577 1052 3651 probabat
1064 3577 1180 3649 dicem,
1195 3577 1325 3634 multum
1340 3595 1402 3636 ma-

550 3657 665 3713 iestatis
681 3657 711 3712 in
727 3656 838 3713 divinis
854 3657 1000 3730 operibus
1022 3658 1136 3714 exinde
1153 3658 1263 3731 perire,
1286 3657 1401 3730 quippe

550 3736 643 3808 quod,
658 3754 737 3809 quae
752 3754 809 3810 per
823 3755 856 3793 se
872 3737 1021 3795 mirabilia
1036 3745 1116 3809 sunt,
1137 3738 1190 3795 ubi
1212 3755 1269 3810 per
1288 3737 1402 3812 allego-

548 3817 624 3873 riam
640 3817 890 3889 interpretantur,
901 3818 1049 3874 vilescere
1062 3819 1219 3892 incipiunt.
1231 3817 1303 3875 Non
1315 3823 1400 3875 tanto

549 3898 678 3970 strepitu
690 3897 827 3954 miraculi
839 3898 940 3972 agitur
949 3899 1092 3971 populuS,
1107 3899 1130 3954 si
1144 3897 1256 3955 dicitur
1271 3897 1401 3955 infusam

549 3994 617 4032 esse
629 3978 747 4034 animae
759 3978 860 4034 lucem
871 3978 1017 4049 veritatis,
1032 3995 1123 4051 quarn
1135 3979 1160 4034 si
1172 3995 1266 4035 caeco
1278 3977 1400 4052 corpori

550 4057 657 4113 oculos
669 4057 879 4130 cernendique
891 4059 952 4114 vim
964 4057 1116 4114 redditam
1131 4064 1332 4115 asseveratur.
1347 4057 1402 4114 ui-

550 4137 673 4194 rabilius
689 4156 756 4194 esse
771 4146 891 4212 septem
906 4137 1069 4195 daemonia
1089 4157 1180 4212 quam
1196 4145 1316 4212 septem
1331 4141 1402 4212 pec-
