3240 5478
921 722 998 772 FOL.
1015 711 1091 776 XXV

242 793 1090 827 ΜΜῊῊΧΝΝΧΛΝΜΛΝΜΛΛΝᾺΜΛΜᾺΛΙΧΜΜΜΜΜΜΛΝᾺΝΨΝᾺἫΛῊ

241 944 305 1005 cata
326 937 463 996 eiecisse.
487 934 660 1010 Ceteraque
680 935 713 994 id
732 954 831 1013 genus
851 937 1093 1012 omniaminora

239 1035 292 1090 per
306 1017 485 1094 allegoriam
503 1017 569 1074 fieri
592 1023 623 1074 et
642 1017 704 1075 fide
724 1035 779 1074 sua
798 1016 985 1076 labefactari.
1004 1018 1093 1089 Nam,

240 1098 309 1157 dum
324 1097 501 1155 auditorum
517 1098 609 1155 animi
626 1099 858 1156 convertunt'se
869 1097 909 1155 ad
921 1098 1093 1174 allegorias,

240 1197 255 1234 a
265 1180 392 1236 veritate
403 1179 448 1235 rei
459 1178 553 1236 fidem
562 1178 700 1235 alienant
711 1195 769 1235 nec
780 1186 843 1235 tam
855 1178 1013 1254 historiam
1025 1197 1092 1240 earn

240 1277 303 1316 esse
318 1259 566 1333 creduntquam
582 1266 793 1316 commentum
809 1258 935 1332 aliquod
950 1257 989 1316 ad
1006 1259 1093 1316 indu-

239 1338 367 1396 cendam
382 1338 570 1414 allegoriam.

238 1438 463 1538 XXXIX
495 1419 1094 1494 Sententiampraetereaillam,quaexi-

466 1516 477 1538 ⁰
494 1501 587 1556 mitur
598 1517 615 1556 a
626 1501 845 1574 grammaticae
853 1500 999 1560 institutis
1007 1502 1094 1558 theo-

236 1581 325 1656 logia,
338 1599 400 1638 non
413 1579 572 1638 ridiculam
586 1580 681 1638 modo
693 1579 748 1637 sed
760 1580 903 1638 stolidam
918 1582 1010 1640 etiam
1025 1599 1093 1638 esse

236 1661 369 1732 dicebat,
380 1662 496 1735 quippe
508 1661 593 1734 quod
605 1661 791 1734 scriptorum
802 1661 875 1718 vitia
886 1679 943 1735 per
953 1662 1094 1719 maiesta-

236 1749 297 1799 tem
313 1743 460 1798 materiae
475 1746 648 1811 excusaret,
671 1742 757 1813 quasi
777 1759 822 1812 ea,
842 1759 921 1815 quae
936 1741 1094 1817 theologia

237 1823 385 1892 continet,
393 1823 460 1895 ipsa
468 1823 642 1896 scripsisset
654 1827 685 1878 et
696 1839 752 1878 suo
764 1821 900 1894 quodam
912 1821 1006 1880 veluti
1019 1817 1093 1893 iure,

237 1921 314 1976 quae
326 1921 382 1959 sua
393 1902 506 1973 forent,
519 1908 613 1975 prout
624 1902 765 1973 voluerit,
779 1902 968 1975 protulisset,
981 1910 1014 1964 et
1028 1921 1092 1961 non

236 1983 386 2054 homineS,
406 1982 682 2058 qui'grammaticis
702 1983 874 2042 rationibus
890 1983 1031 2052 obstricti
1046 2002 1094 2040 es-

236 2070 313 2135 sent,
323 2063 560 2135 debuerantque
572 2063 637 2119 illas
649 2080 819 2121 eoservare
830 2062 1092 2140 diligentiusque

237 2143 573 2216 sublimiorpuriorque
582 2149 630 2201 est
637 2143 774 2214 materia,
785 2143 825 2200 de
837 2161 898 2216 qua
905 2144 1091 2218 scribebant.

236 2223 364 2281 Stultam
381 2223 505 2298 quippe,
527 2224 551 2279 si
568 2224 598 2280 in
614 2222 802 2296 quotidianis
817 2223 936 2281 fabellis
952 2223 1038 2284 nefas
1053 2225 1092 2282 sit

210 2317 212 2320 ·
236 2323 253 2360 a
267 2322 341 2361 vero
354 2302 503 2378 loquendi
515 2322 572 2360 usu
585 2301 756 2375 discedere,
771 2303 810 2360 de
823 2321 944 2363 eavero
956 2305 1093 2374 materia,

237 2401 296 2457 qua
310 2385 394 2442 nulla
409 2383 470 2441 dici
486 2390 538 2440 aut
554 2384 683 2440 inveniri
703 2391 808 2458 potest
822 2383 954 2460 dignior,
973 2402 1030 2458 per
1048 2385 1093 2442 in-

236 2465 355 2522 scitiam
376 2471 495 2522 temere
517 2472 569 2520 aut
589 2465 760 2540 incongrue
779 2463 956 2521 disseratur.
975 2465 1092 2524 Eorum

235 2563 308 2602 vero
323 2545 491 2602 vanitatem
505 2545 636 2616 maxime
651 2545 827 2615 mirabatur,
842 2545 893 2619 qui
910 2545 1093 2602 christianae

235 2625 411 2700 theologiae
425 2626 568 2698 physicas
583 2626 719 2682 rationes
734 2624 984 2695 accomodarent,
1005 2625 1091 2702 quasi

237 2712 288 2762 aut
307 2706 365 2763 Dei
386 2706 529 2764 maiestas
552 2707 631 2762 intra
653 2705 731 2776 illos,
753 2706 804 2778 qui
826 2705 917 2762 nobis
938 2705 1092 2762 naturales

237 2804 338 2858 rerum
354 2786 476 2845 termini
492 2786 645 2857 videntur,
664 2786 703 2842 sit
722 2785 851 2844 artanda
865 2793 896 2842 et
910 2803 974 2843 non
989 2785 1092 2859 potius

237 2885 254 2922 a
267 2867 324 2924 Dei
341 2866 515 2923 actionibus
531 2873 639 2922 natura
655 2866 721 2939 ipsa
732 2865 998 2944 normamffdebeat
1013 2865 1093 2923 acci-

235 2965 320 3020 pere,
334 2953 388 3003 aut
402 2964 465 3003 non
481 2947 579 3022 magis
595 2946 636 3002 illi
652 2946 784 3003 debituri
801 2946 905 3016 simus,
924 2947 949 3002 si
961 2952 1093 3025 propter

236 3045 293 3084 nos
302 3027 461 3100 quippiam
473 3029 675 3098 exconsueto
688 3033 719 3082 et
730 3025 859 3082 naturali
869 3025 978 3083 ordine
989 3043 1092 3088 rerum

235 3107 481 3178 commutaverit,
496 3125 589 3179 quam
601 3105 686 3180 quod
698 3105 813 3179 aliquid
828 3107 870 3163 ita
881 3107 1026 3182 exigente
1041 3124 1094 3166 na-

235 3195 304 3244 tura
325 3187 442 3244 iecerit.
465 3186 536 3244 illos
556 3195 659 3247 autem
677 3186 963 3260 impudentissimos
982 3187 1092 3257 aiebat,

237 3269 287 3340 qui
303 3286 365 3326 una
379 3275 473 3340 atque
493 3268 588 3327 altera
607 3267 792 3325 sententiola
807 3285 824 3323 a
837 3267 1092 3340 perantiquorum

235 3348 453 3423 theologorum
468 3347 553 3408 libris
568 3347 771 3417 emendicata,
792 3364 863 3404 cum
884 3341 1092 3421 persuadendi

236 3429 640 3506 praeceptionesartemque
649 3428 983 3504 ignorent,persuasuri
990 3427 1030 3484 ad
1037 3444 1094 3501 po-

236 3509 343 3582 pulum
354 3508 395 3565 de
406 3508 518 3565 divinis
526 3509 619 3566 rebus
628 3507 999 3566 faciuntsermones.N0n
1011 3508 1093 3564 enim

231 3591 366 3665 putabat
380 3607 435 3646 eos
450 3595 502 3646 aut
513 3589 695 3660 continuare
707 3595 760 3645 aut
770 3587 883 3645 inferre
894 3605 996 3662 posse,
1008 3585 1093 3660 quod

238 3668 444 3743 intenderent,
459 3669 574 3746 quippe
590 3670 641 3742 qui
657 3687 720 3726 non
736 3669 851 3742 <ipsi>
868 3664 1033 3724 iudicando
1049 3666 1094 3723 di-

237 3759 353 3820 cerent,
373 3749 428 3807 sed
443 3750 572 3806 aliorum
588 3749 702 3805 iudicio
718 3755 908 3826 raperentur,
923 3765 980 3804 nec
996 3747 1093 3823 magis

238 3832 303 3886 eius
314 3832 368 3900 rei,
378 3829 419 3888 de
431 3847 491 3903 qua
499 3829 748 3899 verbafacerent,
758 3830 821 3886 vim
833 3835 864 3886 et
874 3835 1014 3902 naturam
1022 3845 1095 3888 nos·

239 3917 316 3981 sent,
336 3928 428 3984 quam
453 3910 665 3985 unusquisque
685 3908 869 3978 auditorum.
898 3909 1009 3976 Sedet
1028 3909 1094 3964 sine

238 4008 358 4051 summa
372 3996 531 4047 oratorum
541 3997 766 4064 poetarumque
778 3988 956 4064 cognitione
968 3988 1094 4062 minime

238 4070 299 4128 dici
311 4087 404 4144 posse
413 4069 582 4128 efficaciter
590 4069 750 4128 sentiebat.
763 4062 841 4134 Cum
853 4069 935 4126 enim
946 4068 1094 4154 pleraque
