3240 5478
912 777 989 828 FOL.
1008 778 1071 827 XXI

217 847 717 862 ΧΛ-ΜΝΧΛΛΙᾺΛΛΛΝἫΚΛἉΜΧΙΧΛΛΛΛΛΛΛΓ
729 849 735 852 “
743 848 773 861 ΛΑ
780 848 897 862 oe'vuvva*
906 849 916 860 Ν
925 850 953 863 ΝΛ
959 850 984 863 *1¹⁴
995 850 1024 863 “A
1030 849 1058 863 ΝΛ
1066 849 1069 854 ¹

457 865 759 880 AAAAst-fxmvxlvxlvvvvwx
765 866 791 880 *sl*
795 865 897 880 ΛᾺἎΛΛἉ
902 867 955 881 ι’ΝΧ
959 868 992 880 fh'x
996 868 1071 881 ww

218 988 260 1047 do
274 991 461 1047 munitiones
473 997 505 1047 et
515 989 592 1061 loca,
608 1008 687 1063 quae
698 991 806 1047 maiori
817 991 956 1064 periculo
968 998 1072 1049 essent

219 1071 346 1129 obiecta.
373 1070 543 1128 Tormenta
563 1078 594 1127 et
614 1069 738 1126 missilia
762 1079 827 1128 tum
847 1071 1071 1128 subministrari

217 1151 714 1226 propugnatoribuscurabat,tum
724 1152 1073 1224 ipsesubvehebat,ver-

218 1230 264 1287 bis
283 1231 419 1303 denique
441 1238 533 1304 atque
554 1249 649 1304 opere
670 1233 773 1288 omnia
793 1233 921 1288 munera
941 1233 1072 1307 impigre

217 1311 331 1382 obibat,
346 1329 425 1384 quac
441 1329 458 1367 a
472 1311 631 1385 praefecto
647 1311 863 1368 defendendae
878 1313 995 1369 civitati
1010 1313 1073 1369 exi-

216 1398 336 1465 guntur.
353 1391 422 1464 Sed,
437 1409 508 1448 cum
523 1398 585 1448 tam
601 1391 695 1449 multa
707 1387 895 1449 documenta
910 1393 1070 1450 exhiberet

215 1469 254 1528 ad
268 1489 395 1528 suorum
415 1473 560 1528 virtutem
580 1472 786 1542 excitandam,
806 1472 878 1528 nihil
898 1491 997 1546 aeque
1016 1490 1070 1530 eos

216 1552 360 1609 movebat
375 1569 411 1608 ac
427 1558 510 1608 aetas
526 1560 557 1610 et
572 1552 706 1627 dignitas
722 1553 862 1609 hominis.
889 1551 967 1611 Cum
988 1554 1070 1609 enim

216 1631 408 1689 intuerentur
424 1633 523 1705 ipsum
535 1633 566 1687 in
578 1639 640 1688 tam
652 1631 733 1690 sessa
744 1633 892 1707 grauique
904 1639 1004 1690 aetate
1017 1651 1070 1706 pe-

215 1711 310 1769 riculo
326 1729 453 1769 suorum
468 1719 530 1769 tam
546 1712 710 1770 sollicitum
726 1713 784 1788 agi,
799 1720 833 1769 ut
847 1731 887 1769 ex
901 1713 1070 1786 pontificali

216 1791 365 1867 dignitate
380 1798 613 1850 sacrosanctum
628 1809 741 1866 corpus
762 1800 793 1849 et
814 1793 1006 1850 maiestatem
1021 1811 1070 1850 ca-

215 1889 323 1928 norum
339 1890 465 1929 suorum
480 1872 659 1929 vulneribus
674 1890 709 1930 ac
726 1873 817 1930 morti
833 1873 981 1944 obiceret,
996 1891 1072 1946 quo-

216 1951 285 2008 dam
297 1952 392 2009 veluti
405 1953 516 2009 mentis
529 1953 645 2026 impetu
657 1953 856 2027 rapiebantur
864 1953 903 2010 ad
916 1971 1072 2026 quaecun-

215 2050 274 2104 que
296 2033 435 2106 pericula
455 2051 512 2106 pro
533 2033 600 2107 ipso
621 2032 818 2105 suscipienda
838 2033 1070 2107 credebantque

216 2130 248 2168 se
263 2113 441 2186 inexpiabili
457 2113 575 2170 scelere
591 2113 814 2186 inquinaturus,
829 2114 854 2168 si
866 2115 1002 2187 parentis
1015 2116 1071 2186 sui,

216 2192 239 2248 si
254 2193 472 2264 benefactoris,
484 2194 508 2249 si
522 2193 610 2263 illius,
625 2211 716 2266 aquo
729 2193 850 2250 vivendi
865 2195 1009 2252 honestas
1024 2213 1071 2251 ra-

215 2273 314 2330 tiones
329 2274 533 2346 accepissent,
544 2273 656 2346 cuique
668 2281 730 2330 tam
742 2274 804 2330 cari
816 2281 929 2344 essent,
941 2275 1070 2332 salutem

216 2370 277 2409 non
289 2361 450 2410 tuerentur
461 2354 552 2410 etiam
565 2371 636 2410 cum
648 2371 755 2410 eorum
768 2354 899 2411 interitu.
909 2355 996 2428 Quae
1007 2357 1071 2429 pie-

214 2438 259 2489 tas
271 2434 384 2490 civium
396 2451 460 2491 non
471 2433 566 2490 semel
575 2434 730 2490 civitatem
743 2436 883 2505 servavit,
894 2435 967 2491 dum
977 2437 1069 2492 vitam

214 2513 384 2570 conditoris
399 2515 532 2571 maxime
547 2531 669 2570 servare
684 2521 822 2570 conatur.

214 2611 388 2712 XXIX
418 2593 878 2667 AccedebatLeopoli'm‚prout
888 2613 1069 2670 magnarum

393 2690 403 2712 ·
418 2674 658 2731 sollemnitatum
673 2674 751 2731 ratio
767 2675 921 2749 exegisset
936 2683 987 2732 aut
1002 2694 1070 2733 cae-

215 2754 371 2824 rimoniae,
386 2773 465 2827 quae
481 2755 547 2811 sine
563 2755 629 2827 ipso
645 2755 762 2811 absolvi
779 2773 841 2811 non
857 2763 994 2828 possent,
1010 2764 1069 2813 sta-

214 2833 330 2907 timque
350 2836 563 2892 revertebatur
584 2853 734 2905 asserens,
756 2853 789 2892 se
811 2835 849 2892 ad
869 2835 961 2892 filiam
984 2854 1070 2893 suam

215 2932 391 2988 properare,
403 2915 490 2972 cuius
502 2921 585 2971 aetas
598 2921 628 2971 et
636 2914 744 2984 forma,
753 2916 908 2972 occasioni
918 2917 1068 2990 peccandi

216 2995 464 3065 accommodata,
484 3002 613 3069 paterna
633 2994 775 3052 custodia
798 2995 959 3071 indigeret.
981 2996 1068 3054 Haec

215 3075 354 3146 quamvis
369 3074 409 3132 de
424 3094 457 3132 se
473 3076 540 3149 ipso
556 3076 760 3149 profitebatur
779 3094 815 3132 ac
835 3094 927 3149 saepe
946 3094 1021 3150 prae
1036 3095 1069 3133 se

214 3153 333 3212 serebat
347 3173 410 3212 non
426 3155 483 3212 alia
498 3157 595 3232 magis
610 3157 729 3212 ratione
746 3156 805 3213 illic
820 3157 966 3227 habitare,
977 3175 1069 3229 quam

215 3252 262 3305 ne,
277 3241 443 3309 antequam
458 3236 585 3292 omnino
601 3236 733 3293 stabilita
745 3242 835 3306 esset,
850 3236 1070 3294 dissolveretur

215 3315 330 3386 civitas,
342 3333 434 3388 quam
443 3316 626 3373 inexhausto
635 3317 740 3374 labore
749 3333 784 3372 ac
793 3316 952 3392 diligentia
960 3319 990 3373 in
1003 3335 1070 3374 cor-

215 3411 271 3466 pus
287 3395 456 3469 collegerat
471 3429 509 3437 —
524 3397 686 3470 propiores
702 3403 804 3452 tamen
828 3404 899 3452 sunt
918 3415 1002 3468 vero,
1017 3398 1068 3470 qui

215 3476 352 3532 sentiunt
360 3475 459 3548 ipsum
468 3495 504 3533 ea
512 3476 925 3549 simulationetranquillitati
935 3477 1069 3550 etquieti

214 3555 306 3612 animi
322 3573 448 3628 operam
464 3556 597 3626 dedisse,
612 3557 701 3613 cuius
710 3556 794 3614 velut
806 3576 822 3614 a
834 3564 942 3614 natura
953 3556 1070 3614 studio-

213 3652 264 3692 sus
279 3635 359 3692 adeo
374 3635 440 3706 fuit,
455 3636 539 3709 quod
551 3653 628 3708 puer
639 3635 797 3694 difficilem
808 3645 927 3710 patrem
939 3637 1070 3709 relique·
1088 3688 1093 3699 ,

213 3720 267 3771 rat.
282 3714 392 3788 Neque
407 3715 538 3773 subinde
553 3716 642 3773 aliam
655 3717 695 3774 ob
708 3735 831 3774 causam
843 3717 1011 3792 aegerrime
1024 3724 1070 3772 tu-

213 3793 289 3852 lerat
304 3795 406 3853 divelli
422 3814 478 3870 per
488 3795 677 3853 Vladislaum
686 3815 791 3872 regem
800 3798 838 3853 ab
850 3797 980 3854 ecclesia
1002 3797 1071 3853 sali-

214 3893 332 3947 narum,
347 3894 439 3950 quam
454 3876 539 3949 quod
555 3876 627 3934 inde
643 3877 822 3950 interrumpi
838 3877 973 3949 quietem
988 3877 1068 3933 vitae

215 3972 288 4012 suae
304 3955 502 4032 intellegebat
508 3975 515 4028 ;
531 3973 602 4013 cum
618 3957 699 4013 enim
719 3957 805 4015 locus
821 3956 870 4013 ille
885 3974 949 4013 non
964 3975 981 4012 a
996 3957 1069 4013 civi-

215 4041 287 4106 tate,
303 4036 358 4092 sed
373 4043 493 4094 tantum
515 4055 533 4093 a
553 4037 685 4094 civitatis
704 4039 834 4110 strepitu
853 4043 990 4093 remotus
1010 4038 1066 4094 sibi

214 4114 379 4188 videretur,
391 4116 539 4175 credebat
546 4115 714 4193 Gregorius
726 4117 871 4174 divinitus
883 4116 939 4174 sibi
953 4115 1067 4193 degere
