3240 5478
542 733 744 788 GREGORIUS
762 736 953 789 SANOCEUS.

542 804 1394 840 &mmmmm

542 955 652 1024 petunt
671 957 702 1008 et
717 949 1110 1024 'sequuntur.''Alexandri¹
1130 959 1290 1026 praeterea
1309 971 1396 1027 prae-

542 1032 703 1104 ceptiones
724 1032 910 1090 discentium
930 1031 1105 1106 appellabat
1124 1033 1342 1107 labyrinthum,
1366 1037 1396 1090 in

542 1129 605 1184 quo
620 1111 715 1170 semel
731 1112 858 1169 immissi
873 1130 930 1188 per
944 1113 1073 1170 multivii
1088 1114 1235 1171 circuitus
1250 1115 1395 1190 ambages

542 1199 662 1249 suamet
682 1193 813 1269 vestigia
833 1193 978 1251 flexuoso
994 1211 1102 1270 gressu
1117 1194 1308 1252 recalcantes
1324 1213 1397 1252 con-

542 1280 751 1345 senescerent,
770 1274 950 1347 priusquam
972 1274 1055 1331 unde
1074 1275 1299 1350 egrederentur
1315 1277 1397 1332 inve-

541 1353 651 1410 nirent.
660 1354 823 1411 Poetarum
831 1354 998 1412 lectionem
1009 1361 1072 1412 tam
1078 1356 1183 1428 pueris
1191 1357 1395 1412 necessariam

541 1451 634 1506 quam
654 1431 804 1491 alimenta'
818 1433 954 1492 dicebat:
976 1435 1041 1491 istis
1060 1436 1169 1492 nutriri
1189 1453 1318 1510 corpus,
1340 1436 1395 1492 illis

541 1513 707 1589 ingenium.
722 1514 785 1572 Eos
800 1522 912 1586 autern,
926 1516 979 1588 qui
994 1515 1033 1572 ad
1048 1514 1122 1572 alias
1137 1515 1315 1590 disciplinas
1331 1517 1395 1572 sine

541 1593 729 1653 adminiculo
744 1602 907 1668 poetarum
922 1595 1073 1653 accedere
1088 1597 1291 1667 conabantur,
1312 1614 1395 1653 com-

540 1676 669 1748 parabat
682 1675 858 1733 volentibus
869 1693 926 1749 per
936 1693 1057 1732 murum
1072 1675 1294 1734 transcendere
1310 1678 1339 1734 in
1355 1679 1396 1733 ci-

540 1755 667 1813 vitatem
678 1761 782 1829 spreta
793 1762 893 1829 porta,
903 1774 983 1829 quae
994 1763 1123 1830 pateret.
1136 1756 1316 1815 Possibilius
1327 1775 1394 1814 esse

540 1837 746 1907 asseverabat,
767 1842 802 1892 ut
819 1853 876 1909 per
894 1837 1014 1910 poesim
1030 1836 1166 1909 reliquae
1182 1855 1290 1894 omnes
1305 1837 1396 1900 disci-

540 1915 642 1988 plinae
650 1917 894 1990 perciperentur,
905 1934 998 1990 quam
1006 1916 1090 1990 quod
1103 1917 1238 1974 imbutus
1251 1919 1392 1974 omnibus

540 1995 606 2052 aliis
620 2003 729 2070 posset
742 1996 851 2069 aliquis
870 1997 910 2054 ad
929 1997 1060 2070 poesim,
1080 2015 1151 2054 cum
1170 1997 1273 2066 vellet,
1287 2016 1392 2072 perve-

540 2076 619 2149 nire;
640 2094 703 2135 non
718 2083 822 2134 tamen
837 2094 973 2150 unquam
988 2078 1174 2135 rhetoricam
1189 2078 1228 2135 ab
1245 2078 1294 2134 illa
1309 2097 1393 2151 sepa·
1453 2116 1457 2124 -

541 2156 669 2246 randjm
690 2157 819 2215 censuit.
844 2156 906 2215 Sed
926 2157 970 2215 sic
990 2158 1113 2231 utrique
1133 2175 1261 2231 operam
1280 2159 1393 2232 pariter

541 2236 791 2310 impendendam,
815 2244 849 2294 ut
867 2237 1016 2309 medicus,
1035 2238 1088 2311 qui
1108 2255 1179 2296 cum
1199 2238 1392 2296 exulceratae

540 2318 625 2374 carni
648 2317 874 2375 medicamenta
895 2319 1034 2392 apponit,
1058 2319 1131 2375 nihil
1155 2318 1292 2390 adhibet,
1311 2318 1393 2392 quod

540 2403 593 2454 aut
607 2415 642 2454 os
657 2405 710 2455 aut
724 2416 853 2456 nervum
865 2398 988 2456 laedere
1000 2399 1107 2472 possit,
1123 2399 1178 2456 sed
1190 2399 1272 2456 aliud
1285 2416 1393 2456 curans

540 2476 664 2535 alterius
679 2496 805 2552 quoque
819 2479 972 2536 rationem
987 2497 1050 2536 non
1066 2480 1188 2537 omittit.

541 2575 613 2676 IX
657 2557 691 2615 ln
713 2558 885 2630 ebriosum,
918 2560 970 2632 qui
995 2565 1181 2632 consumpto
1207 2559 1392 2633 patrimonio

617 2654 627 2677 ·
658 2639 799 2696 venalem
814 2657 925 2712 aquam
946 2639 1184 2697 circumferebat
1201 2657 1259 2714 per
1277 2640 1392 2709 urbem,

540 2719 584 2777 sic
600 2718 718 2777 iocatus
738 2727 798 2777 est:
819 2720 845 2776 si
864 2720 1019 2793 potuisses
1039 2737 1151 2793 aquam
1170 2719 1261 2790 ferre,
1281 2738 1394 2792 nequa-

541 2817 634 2872 quam
649 2799 768 2862 ferres„
782 2798 925 2858 Scortum
938 2818 1090 2858 annosum
1105 2817 1142 2858 ac
1156 2799 1320 2874 praedives
1335 2801 1392 2856 hoc

538 2880 673 2938 disticho
689 2880 901 2954 compellavit:

611 2971 686 3019 Nunc
706 2972 775 3032 emit,
795 2977 821 3018 at
839 2971 968 3036 quondam
988 2971 1116 3020 vendebat
1134 2971 1206 3020 basia
1225 2971 1313 3019 Doris:

663 3043 724 3091 Non
742 3043 808 3090 bene
827 3043 954 3108 quaesitas
973 3044 1009 3092 sic
1028 3043 1094 3091 male
1114 3043 1196 3106 perdit
1214 3058 1287 3104 opes.

540 3118 669 3178 Cuidam
677 3139 734 3195 per
741 3121 847 3179 laudes
856 3122 993 3179 efferenti
1006 3122 1111 3179 uxoris
1119 3121 1391 3195 pulchritudinem:

539 3207 617 3272 tace,
632 3201 740 3275 inquit,
755 3220 835 3273 nam,
850 3203 875 3259 si
891 3202 1036 3259 credetur
1046 3202 1111 3272 tibi,
1123 3202 1245 3277 cogeris
1258 3200 1392 3274 aliquan-

539 3280 581 3339 do
602 3288 725 3355 turpem
744 3283 896 3340 maluisse.
916 3280 994 3340 Cum
1013 3282 1133 3340 videret
1148 3281 1309 3339 cuiusdam
1325 3281 1392 3337 sub-

540 3362 648 3419 urbani
661 3363 815 3438 agricolae
826 3362 922 3420 filium
934 3363 1029 3420 sacris
1042 3363 1165 3419 initiari:
1179 3380 1217 3419 ne
1229 3369 1339 3432 araret,
1350 3362 1392 3418 in-

539 3443 615 3515 quit,
630 3459 719 3500 orare
731 3443 869 3500 instituit.
880 3441 1063 3516 Accipiebat
1074 3443 1191 3500 amicos
1206 3442 1331 3499 modico
1343 3447 1392 3498 aut

539 3523 624 3580 nullo
636 3528 794 3597 apparatu,
805 3523 890 3596 quod
901 3522 1027 3596 quidam
1039 3523 1166 3598 indigne
1177 3522 1280 3579 ferens
1292 3521 1391 3595 splen-

539 3602 641 3661 didius
662 3621 695 3660 se
709 3603 794 3661 domi
816 3603 970 3677 prandere
989 3602 1076 3660 dixit.
1096 3603 1148 3660 Ille
1171 3603 1274 3659 lumen
1294 3601 1389 3658 afferri

539 3684 626 3740 iussit
640 3689 672 3740 et
686 3683 827 3757 apposita
841 3683 972 3741 candela
986 3683 1186 3757 splendorem
1201 3701 1327 3740 mensae
1341 3681 1391 3738 ad-

539 3762 626 3820 didit.
647 3763 722 3820 Erat
736 3763 818 3821 enim
832 3764 1004 3837 praesentis
1020 3765 1134 3840 ingenii
1150 3763 1190 3821 ad
1205 3764 1291 3821 iocos
1307 3770 1338 3820 et
1352 3762 1391 3818 le-

538 3843 693 3916 piditates,
713 3843 744 3900 in
759 3843 871 3918 quibus
886 3844 1070 3902 exercendis
1085 3861 1209 3918 semper
1222 3843 1390 3900 modestiae

539 3924 690 3982 rationem
701 3921 819 3997 habuit;
835 3941 967 3998 cumque
979 3924 1055 3982 alios
1066 3923 1199 3981 libenter
1210 3925 1286 3982 iocis
1298 3924 1391 3980 laces·
1465 3959 1468 3964 s

576 4021 585 4050 ¹
606 4023 787 4088 ,Doctrinale“
801 4024 942 4072 Alexandri
959 4004 1390 4090 ‹Willedieulgram

539 4095 632 4142 malici.
