3240 5478
534 761 735 814 cunconrus
753 763 943 813 snuocaus.
969 834 1288 849 mmmm
1322 836 1387 849 m,

904 852 962 866 vvv·
1266 835 1388 868 afflaw

531 975 659 1032 alteram
670 980 790 1049 partem
802 980 929 1033 naturae
940 993 1045 1033 rerum
1057 976 1247 1052 ignorarent,
1255 995 1326 1034 nam
1339 996 1392 1035 ne·

532 1073 593 1129 que
607 1055 663 1127 his,
678 1055 730 1128 qui
745 1055 844 1112 bonas
858 1073 973 1112 uxores
993 1055 1165 1128 duxissent,
1185 1057 1279 1115 licere
1298 1057 1392 1115 mala-

532 1153 600 1192 rum
616 1135 816 1194 incommoda
830 1136 974 1210 experiri,
989 1154 1091 1209 neque
1105 1154 1169 1208 eos,
1184 1138 1296 1210 quibus
1311 1138 1391 1195 mala

533 1215 628 1273 semel
643 1216 835 1292 contigisset,
855 1215 895 1273 ad
915 1215 1051 1274 melioris
1070 1216 1212 1275 fortunae
1232 1217 1391 1276 condicio-

533 1314 604 1354 nem
612 1313 706 1372 posse
713 1296 885 1370 pervenire.
893 1295 1093 1370 Addiditque,
1105 1297 1223 1355 civilius
1236 1297 1331 1355 suisse
1346 1299 1391 1355 in-

533 1383 773 1450 temperatamm
793 1393 927 1435 uxorum
942 1376 1071 1451 repudia
1085 1378 1274 1451 permittere,
1289 1396 1390 1451 quam,

532 1474 572 1514 ne
588 1456 618 1513 in
635 1457 870 1530 intemperatam
885 1457 954 1530 quis
970 1456 1129 1529 incideret,
1145 1458 1298 1516 secundas
1313 1477 1391 1533 nup-

531 1537 589 1594 tias
604 1536 743 1594 inhiberi.
764 1535 826 1594 Sed
849 1543 881 1594 et
900 1545 1009 1596 contra
1028 1537 1168 1595 eiusdem
1188 1538 1390 1596 assertionem

533 1617 719 1691 improbavit
737 1615 853 1674 factum
872 1617 989 1691 populi,
1014 1619 1065 1691 qui
1085 1625 1279 1692 provocante
1297 1618 1336 1675 ad
1356 1638 1389 1676 se

533 1697 620 1755 lusco
632 1696 852 1755 emendaverat
863 1695 1046 1756 Charondae
1061 1697 1172 1773 legem,
1187 1717 1248 1772 qua
1262 1700 1390 1757 caveba-

532 1785 591 1848 tur,
605 1783 639 1834 ut
653 1777 761 1835 oculus
777 1777 868 1835 oculo
888 1785 1155 1852 compensaretur:
1177 1797 1241 1836 non
1259 1780 1389 1837 eandem

533 1857 707 1915 habendam
715 1876 784 1915 esse
792 1859 943 1915 rationem
954 1877 1134 1916 asseverans
1143 1859 1248 1931 dehis,
1260 1861 1311 1933 qui
1323 1861 1389 1918 Deo

534 1939 623 1995 invisi
647 1945 728 2010 sunt,
758 1955 794 1995 ac
813 1938 853 1996 de
872 1939 997 2012 ceteris;
1023 1939 1126 1997 luscos
1146 1940 1230 2013 ipsos
1258 1957 1295 1997 eo
1321 1941 1389 2014 ipso

534 2025 679 2077 constare
698 2018 767 2076 Deo
787 2019 903 2076 invisos
923 2037 1000 2090 esse,
1020 2019 1106 2092 quod
1125 2020 1274 2078 cernendi
1289 2019 1390 2078 media

534 2099 579 2157 vis
595 2100 640 2157 eis
655 2098 800 2172 adempta
814 2099 862 2170 sit,
877 2116 940 2172 quo
954 2117 1018 2157 uno
1033 2117 1125 2156 sensu
1140 2100 1214 2157 nihil
1230 2102 1327 2157 maius
1338 2107 1389 2158 aut

533 2179 748 2254 praestabilius
763 2197 781 2235 a
795 2186 904 2237 natura
918 2181 1042 2253 corpori
1058 2180 1244 2238 conseratur.
1258 2181 1389 2239 Interro-

533 2260 618 2335 ganti
626 2258 792 2332 aliquando
800 2259 1045 2332 Podochather0,
1060 2260 1208 2334 quidnam
1221 2261 1251 2317 in
1262 2263 1389 2338 regione

533 2339 650 2398 Polona
661 2339 760 2397 viliori
779 2346 862 2397 esset
880 2339 910 2397 in
928 2340 1039 2414 preti0,
1053 2341 1151 2415 poti0,
1162 2341 1262 2415 inquit
1273 2339 1389 2419 Grego-

534 2420 611 2494 rius;
626 2427 744 2478 etcum
759 2419 819 2491 ille,
838 2419 913 2493 quid
929 2420 989 2478 illic
1004 2421 1105 2478 carius
1119 2422 1248 2493 veniret,
1263 2437 1390 2496 quaere·
1460 2482 1462 2484 ,

534 2506 590 2571 ret,
604 2501 764 2574 potionem
780 2499 872 2557 etiam
883 2502 1078 2558 asseveravit.
1092 2501 1216 2559 Miranti
1231 2520 1315 2574 vero,
1330 2521 1389 2575 qua

534 2581 655 2638 ratione
667 2580 698 2638 id
711 2579 776 2637 lieri
788 2586 907 2654 posset:
924 2581 1031 2653 nostri,
1045 2582 1097 2653 ait,
1110 2583 1183 2639 totis
1197 2583 1388 2656 patrimoniis

533 2661 694 2734 potionem
709 2667 825 2732 emunt,
839 2660 883 2717 sic
898 2667 1001 2718 autem
1016 2661 1136 2734 bibunt,
1150 2669 1184 2719 ut
1195 2681 1235 2720 ex
1247 2663 1388 2721 omnibus

533 2740 671 2798 sontibus
686 2747 777 2814 putes
792 2741 948 2799 scaturire.
962 2742 1086 2800 Dicenti
1101 2742 1263 2816 episcopo:
1279 2743 1388 2800 mirum

533 2820 631 2878 videri
639 2828 753 2895 potest,
765 2820 923 2894 quodnam
933 2821 1030 2879 fatum
1042 2820 1146 2897 Cyprii
1158 2823 1388 2881 hominisvitam

533 2917 604 2958 cum
625 2901 763 2960 Sarmata
782 2902 995 2960 coniunxisset
1014 2935 1054 2944 ——
1074 2921 1113 2960 an
1133 2903 1266 2979 ignoras,
1291 2904 1389 2978 inquit

534 2979 711 3057 Gregorius,
725 2982 889 3054 Venerem,
904 2999 975 3039 cum
986 2983 1119 3057 primum
1130 3002 1167 3041 ex
1178 2984 1254 3040 mari
1265 2984 1389 3058 prodiit,

535 3061 565 3118 in
578 3059 692 3136 Cyprio
704 3061 884 3120 consedisse
896 3063 995 3134 litore,
1007 3064 1112 3136 ibique
1123 3064 1316 3142 sanctissime
1327 3064 1390 3122 cul-

534 3147 606 3212 tam,
624 3141 755 3198 Martem
769 3160 845 3199 vero
865 3142 895 3199 in
911 3149 1018 3200 nostra
1032 3145 1161 3219 regione
1176 3151 1282 3201 natum
1297 3151 1389 3219 atque

534 3221 608 3294 coli;
624 3222 676 3295 qui
692 3220 741 3279 dei
758 3240 850 3295 quam
865 3223 1024 3280 artissimis
1039 3224 1152 3282 amoris
1164 3225 1295 3282 vinculis
1311 3226 1389 3282 inter

534 3319 568 3358 se
588 3302 683 3359 iuncti
704 3302 774 3373 sint,
794 3303 886 3359 etiam
905 3303 1048 3379 vulgares
1068 3305 1179 3363 sciunt.
1198 3305 1239 3363 Et
1257 3304 1389 3378 proinde

535 3399 627 3439 nemo
643 3383 746 3439 mirari
761 3382 864 3454 debet,
879 3383 904 3439 si
920 3384 1066 3442 convenit
1078 3385 1157 3442 inter
1168 3403 1202 3442 se
1213 3385 1388 3442 hominibus

534 3479 640 3520 earum
656 3463 828 3538 regionum,
850 3481 980 3536 quarum
1002 3465 1052 3521 dei
1067 3471 1130 3521 tam
1145 3466 1389 3539 propensissimo

534 3543 645 3599 aflectu
660 3561 693 3600 se
708 3542 841 3600 invicem
855 3551 1094 3617 prosequuntur.

537 3641 640 3740 XX
693 3623 817 3680 Interim
829 3640 900 3680 cum
912 3623 1053 3700 Gregorii
1067 3626 1206 3682 absentia
1219 3643 1278 3699 pro
1290 3632 1388 3683 morte

643 3719 654 3741 ·
694 3704 725 3761 in
736 3703 835 3776 patria
846 3703 1020 3776 duceretur,
1032 3703 1207 3776 Casimirus,
1219 3705 1271 3778 qui
1283 3704 1389 3762 frater-

535 3801 609 3840 num
617 3801 747 3859 regnum
756 3784 925 3856 obtinebat,
934 3785 1106 3857 ecclesiam,
1118 3803 1210 3859 quam
1221 3784 1388 3861 Gregorius

536 3863 568 3920 in
576 3864 679 3920 salinis
690 3863 879 3937 possidebat,
887 3864 1011 3922 alterius
1023 3865 1193 3923 sacerdotis
1202 3882 1294 3923 curae
1306 3883 1389 3924 com-

536 3943 626 4000 misit.
642 3943 713 4018 Quo
728 3944 836 4000 nuntio
851 3944 979 4002 adactus
995 3954 1042 4003 est
1056 3944 1225 4021 Gregorius
1240 3945 1342 4004 redire
1358 3947 1388 4003 in

535 4013 703 4095 Poloniam,
711 4025 803 4082 rebus
813 4024 875 4081 suis
884 4026 1089 4084 consulturus,
1097 4025 1388 4084 Afficiebaturenim

535 4101 702 4184 plqrimum
717 4104 758 4160 illi
774 4105 934 4180 ecclesiae,
953 4113 1027 4188 tum¹
1038 4106 1123 4184 quod
1142 4107 1260 4184 primus
1275 4106 1387 4186 gradus
