3240 5478
744 798 748 808 ι

491 793 698 843 PRAEFATIO.

494 864 657 878 &AMA'v-fnfl
684 864 803 877 ΑΛΝΑΛΛΛ
967 865 1176 878 ΑΑΑΑΑΛΛΑΜΛΑ
1199 867 1231 878 ΛΑ

621 869 622 872 ,
667 865 678 876 ’κ
804 865 854 876 ΛΑΛ
862 865 963 878 «Am-An
1179 867 1196 879 Λ
1232 867 1347 880 ΑΛΛΛαΑμ

493 882 1141 898 κΛΛΛΛΛΛΛΛΛΛΛΛΛΛΛᾺΛΡΛΛΛἉ-ΛΛΜΛΛΛΛΛΛΛΛΛΛ
1144 883 1347 899 ΑΛΛΛΑΑΛΛΛΛΛΔ

491 1026 552 1084 que
565 1006 651 1074 alios,
668 1025 688 1064 a
699 1025 774 1063 vera
786 1006 910 1064 virtutis
921 1026 1029 1064 norma
1041 1008 1251 1077 retrusissent,
1264 1009 1348 1066 iuve-

493 1087 585 1144 nilem
601 1087 739 1144 oninium
755 1087 832 1144 adeo
847 1087 1020 1156 illexerant,
1041 1089 1131 1164 quael,
1154 1089 1218 1146 nisi
1237 1088 1299 1158 boc,
1315 1097 1351 1146 ut

487 1166 581 1244 prius
596 1167 780 1236 existimavi,
800 1168 928 1225 adversi
937 1167 1015 1226 milti
1014 1169 1160 1244 feliciter
1170 1169 1346 1239 obvenisset,

492 1268 526 1306 eo
534 1267 581 1304 me
581 1248 785 1324 praecipitem
793 1257 928 1321 egerant,
938 1250 1021 1306 unde
1027 1249 1060 1305 in
1070 1268 1174 1306 ueram
1184 1250 1267 1306 olam
1279 1251 1347 1308 md-

492 1329 524 1385 la
533 1329 754 1404 essetsacultas
761 1329 920 1386 redeundi.
930 1329 995 1386 Sed
999 1330 1062 1386 iam
1071 1330 1346 1406 nuncDeooptimo,

492 1409 635 1477 maximo,
646 1408 771 1482 gratias
782 1410 970 1466 immortales
981 1428 1073 1482 agere
1084 1408 1163 1478 libet,
1178 1410 1242 1486 qui,
1254 1429 1346 1486 quam
1417 1473 1419 1480 ,

492 1489 526 1545 in
536 1489 682 1547 secundis
692 1489 783 1546 rebus
794 1489 935 1547 videbam
947 1489 1058 1558 ritimis,
1074 1491 1107 1546 iu
1120 1491 1262 1548 adversis
1272 1491 1349 1548 mibi

492 1588 585 1626 verae
604 1569 687 1626 vitae
710 1570 859 1626 rationem
879 1569 1112 1638 demonstravit,
1138 1589 1245 1647 meque
1263 1573 1352 1647 apud

492 1669 560 1706 eum
576 1650 677 1707 virum
693 1650 864 1718 collocavit,
880 1650 935 1724 qui
941 1657 1069 1726 propter
1092 1659 1255 1729 egregiam
1284 1659 1345 1712 elo-

492 1738 658 1806 quentiam
669 1736 915 1806 doctrinamque
925 1739 1082 1792 eximiam
1096 1749 1156 1788 uon
1170 1732 1267 1788 solum
1283 1750 1348 1788 oer-

492 1809 539 1866 bis
546 1829 593 1866 me
600 1829 730 1884 monere,
738 1811 797 1867 sed
804 1811 896 1866 etiam
901 1818 1029 1886 propter
1039 1812 1122 1868 vitae
1122 1812 1347 1887 frugalitatem

491 1897 523 1948 et
533 1891 711 1947 modestiam
726 1891 860 1966 exeueplo
871 1891 979 1966 ¹facile
998 1891 1123 1950 edocere
1137 1899 1239 1967 potest
1257 1899 1292 1959 et,
1306 1893 1352 1948 ad

491 1970 572 2047 quid
579 1971 649 2028 nati
657 1989 764 2027 sumus
775 1977 806 2027 et
813 1970 926 2046 quibus
933 1971 1106 2029 rationibus
1114 1980 1243 2029 aetatem
1256 1992 1348 2046 agere

492 2058 634 2128 oporteat.
643 2051 727 2108 Nam
736 2069 804 2108 cum
817 2051 850 2108 in
862 2071 895 2108 eo
905 2052 971 2108 sint
979 2071 1016 2108 ea
1027 2053 1140 2120 omma,
1151 2071 1233 2128 quae
1242 2072 1261 2110 a
1269 2071 1347 2110 mor·

492 2130 607 2188 talibus
621 2131 703 2188 inter
709 2131 818 2207 prima
833 2140 1061 2207 nuncupantur,
1077 2133 1230 2202 ualetudo,
1246 2134 1347 2206 degra-

493 2219 551 2280 tas,
570 2212 702 2269 divitiae
720 2219 751 2268 et
767 2212 856 2288 apud
864 2212 995 2288 populos
1013 2213 1112 2270 multa
1131 2220 1161 2269 et
1172 2214 1346 2290 praecipua

491 2291 684 2359 existimatio,
687 2299 902 2368 propterquae
910 2299 981 2353 etin
988 2299 1157 2368 republica
1161 2305 1347 2369 possetnon

491 2380 565 2433 sine
574 2381 722 2434 maxima
731 2381 927 2434 auctoritate
943 2382 1072 2434 versari
1084 2381 1115 2429 et
1125 2373 1347 2451 bominumfa-

492 2471 580 2509 uores
589 2452 839 2527 splendidissime
850 2453 1005 2530 aucupari
1013 2452 1062 2510 liis
1073 2453 1213 2511 omuibus
1225 2455 1345 2522 studiis,

491 2552 573 2609 quae
584 2532 690 2590 abrasio
701 2540 867 2608 temporum
879 2534 942 2590 iam
954 2534 1072 2590 dudum
1084 2534 1260 2592 laudabilia
1275 2536 1347 2610 effe-

491 2613 543 2670 cit:
553 2614 747 2670 maoultcum
759 2613 1036 2690 rationeprioatim
1048 2615 1119 2671 etin
1128 2615 1346 2692 quadampar-
1432 2682 1435 2686 .

490 2693 623 2750 simonia
635 2701 764 2751 aetatem
777 2713 877 2767 agere,
889 2713 982 2769 quam
995 2702 1156 2770 corruptae
1167 2695 1345 2769 uulgarium

492 2773 631 2849 opinioni
643 2774 828 2851 satisfacere
842 2782 871 2830 et
880 2775 984 2831 omnia
996 2774 1053 2831 illa
1065 2782 1208 2850 tempora,
1219 2795 1301 2852 quae
1312 2776 1345 2832 in

492 2854 651 2930 republica
657 2855 775 2930 partim
785 2855 966 2922 necessario,
972 2855 1091 2930 partim
1100 2856 1298 2912 ostentatione
1305 2863 1346 2912 te-

491 2941 612 3003 runtur,
626 2935 728 2992 studio
743 2942 774 2992 et
789 2935 915 2993 lectione
931 2936 1101 2992 traducere.
1124 2936 1208 2993 Nam
1220 2955 1288 2992 cum
1304 2936 1350 2992 ad

493 3033 561 3070 eum
575 3015 712 3087 gradum
728 3016 887 3072 doctrinae
905 3016 968 3072 iam
983 3015 1102 3072 dudum
1111 3017 1298 3092 pervenerit,
1313 3024 1349 3072 ut

491 3095 1011 3172 omuibusaliisjacilesatisfaciat,
1021 3097 1201 3171 usqueadeo
1210 3097 1346 3154 assiduis

491 3175 670 3232 lectionibus
680 3183 779 3232 noctes
788 3176 915 3251 diesque
924 3175 1079 3246 incumbit,
1090 3177 1185 3252 quasi
1196 3177 1350 3253 usquead

490 3254 571 3312 banc
585 3256 665 3312 diem
682 3255 764 3312 nibil
773 3256 836 3312 sibi
848 3256 995 3314 didicisse
1005 3257 1158 3314 videatur.
1177 3258 1267 3327 Quae
1277 3276 1344 3316 cum

490 3354 606 3392 mecum
622 3336 713 3408 longa
725 3336 921 3393 meditatione
930 3337 1027 3394 semel
1038 3344 1130 3412 atque
1144 3337 1254 3394 iterum
1270 3337 1346 3394 taci-

490 3422 539 3473 tus
557 3422 740 3492 reputarem,
764 3416 899 3492 difficile
916 3417 1000 3474 dictu
1022 3424 1073 3485 est,
1095 3425 1214 3492 quanta
1235 3417 1345 3474 oblivio

490 3515 597 3552 earum
613 3515 726 3564 rerum,
746 3515 827 3572 quoe
841 3516 888 3553 me
901 3497 1064 3554 sollicitum
1079 3497 1261 3566 babuerunt,
1277 3498 1345 3555 ani-

490 3595 572 3633 mum
585 3575 751 3644 incesserit,
762 3584 974 3653 quantumque
984 3579 1115 3653 coeperit
1123 3579 1157 3634 in
1168 3586 1267 3635 mente
1277 3598 1345 3635 mea

488 3657 638 3713 suscitari
643 3657 739 3714 ordor
749 3657 803 3713 ille
809 3657 989 3725 studiorum,
1001 3677 1090 3733 quem
1092 3659 1344 3734 flagitiosissima

490 3744 624 3813 tempora
637 3737 748 3793 aetatis
760 3745 989 3813 nostraepaene
1000 3739 1219 3795 exstinxerant.
1227 3740 1343 3814 ltaque,

490 3824 526 3872 ut
534 3818 668 3874 omittam
681 3837 726 3884 ea,
739 3835 820 3892 quae
831 3819 962 3874 assidua
973 3818 1145 3874 deversatio
1157 3820 1245 3894 apud
1252 3819 1343 3876 talem

491 3897 592 3954 virum
608 3897 686 3954 uu'bi
696 3899 728 3954 iu
740 3905 868 3953 utentem
881 3899 1012 3966 reduxit,
1026 3907 1061 3958 in
1071 3904 1144 3959 dies
1154 3908 1222 3959 tum
1232 3905 1344 3973 multo,
1381 3915 1394 3930 ⁴

490 3998 573 4052 quae
585 4000 750 4054 uunquam
765 3984 958 4053 didiceram,
966 3986 1166 4054 percepi,.ut
1184 3978 1259 4036 bene
1276 3998 1343 4037 cum

490 4057 555 4114 illis
562 4058 700 4133 priorem
711 4061 879 4134 fortunam
898 4077 997 4115 meam
1017 4066 1216 4116 commutasse
1241 4058 1343 4116 dicam

490 4145 521 4194 et
537 4138 600 4194 iam
621 4138 738 4195 dudum
757 4138 849 4210 felici
863 4141 940 4215 fato
958 4138 1018 4195 buc
1037 4139 1220 4197 adventasse
1232 4139 1348 4217 procul
