3240 5478
502 783 703 834 GREGORIUS
721 783 911 834 SANOCEUS.

533 855 614 869 νχΛΛΜ
691 855 894 868 ΛΑΛΆΓΨΓΑβᾱΛΙ
942 854 1200 869 ”sstft'wssswfltxflst'st
1223 856 1327 870 ΙΙΛΑΓᾺ
1342 857 1357 870 x!

631 877 640 886 υ
674 873 773 886 ‘'r-‘vend
780 873 808 884 Α*
819 873 880 886 *SA*
890 873 913 886 ‘s
926 872 982 884 ἣν]
1025 873 1059 885 ww
1092 873 1166 885 vvmw
1204 873 1245 885 Λκ»

502 999 660 1075 gationem
674 998 815 1069 familiae,
831 997 1019 1072 quandoque
1033 999 1125 1055 etiam
1140 1005 1171 1056 et
1186 999 1217 1056 in
1228 999 1360 1057 verbera

502 1079 732 1153 prorumpebat.
748 1079 781 1136 In
797 1079 903 1135 ultima
914 1085 1075 1136 senectute
1086 1079 1360 1150 stultitiamfinxit,

502 1166 536 1217 ut
555 1176 681 1216 suorum
696 1159 825 1217 consilia
843 1158 1030 1232 exploraret,
1049 1166 1080 1216 et
1099 1160 1165 1218 dies
1185 1160 1303 1232 aliquot
1322 1177 1359 1216 ea

503 1241 533 1296 in
548 1239 743 1296 simulatione
758 1240 935 1314 permansit.
950 1239 1064 1297 Balnea
1075 1247 1106 1296 et
1117 1239 1275 1297 sudatoria
1288 1257 1358 1296 raro

502 1319 727 1392 frequentabat,
743 1319 827 1392 quod
839 1326 967 1377 naturae
978 1338 1051 1377 suae
1063 1320 1296 1392 quodammodo
1307 1320 1361 1377 ad-

502 1400 617 1457 versari
633 1407 837 1474 compererat.
856 1400 938 1457 Raro
958 1401 1139 1476 aegrotavit,
1154 1400 1210 1458 sed
1224 1401 1361 1476 graviter

502 1487 534 1538 ot
548 1480 732 1554 periculose,
751 1497 910 1552 nunquam
929 1487 1032 1538 tamen
1053 1480 1209 1539 medicum
1229 1481 1360 1538 accersi-

501 1561 554 1632 vit,
569 1561 733 1618 herbarum
747 1561 829 1618 sucis
844 1578 880 1618 ac
892 1560 1130 1618 decoctionibus
1145 1562 1202 1619 sibi
1219 1561 1276 1635 ipsi
1291 1577 1360 1618 suc-

502 1659 640 1712 currens
651 1658 753 1714 neque
765 1659 901 1713 unquam
912 1641 979 1699 sine
991 1641 1095 1698 libello
1107 1642 1155 1699 ‘de
1163 1643 1280 1699 viribus
1291 1642 1360 1698 her-

502 1721 621 1779 barum'
630 1720 651 1797 ¹)
672 1722 729 1778 iter
748 1720 833 1778 fecit:
850 1721 929 1778 adeo
944 1738 1126 1795 persuasum
1140 1722 1275 1780 habebat
1289 1723 1360 1778 sim-

502 1802 595 1876 plicia
609 1801 785 1859 efficaciora
799 1819 867 1858 esse
883 1802 914 1858 in
929 1801 1101 1874 medicinis,
1123 1821 1216 1875 quam
1231 1819 1360 1876 compo-

503 1883 570 1939 sita.
595 1879 808 1940 Conservabat
833 1899 946 1955 corpus
972 1883 1049 1939 citra
1074 1883 1284 1958 aegritudines
1306 1890 1359 1940 aut

504 1969 616 2038 negata
623 1962 682 2019 sibi
690 1962 796 2019 Venus
805 1962 975 2034 autfistula,
984 1981 1063 2036 quae
1071 1981 1128 2037 per
1134 1981 1206 2021 crus
1214 1963 1358 2021 dextrum

504 2043 616 2100 noxios
624 2043 769 2099 humores
777 2061 794 2100 e
802 2049 870 2100 toto
878 2060 1011 2116 corpore
1019 2043 1186 2116 educebat;
1198 2061 1269 2101 cum
1277 2044 1359 2100 enim

503 2123 683 2180 vicesimum
696 2123 836 2196 quintum
848 2141 963 2180 annum
974 2130 1090 2199 ageret,
1100 2124 1212 2182 vulnus
1221 2123 1360 2181 allisione

504 2205 601 2261 cruris
617 2209 789 2277 acceperat,
803 2203 889 2276 quod
903 2203 1073 2279 neglegens
1089 2222 1124 2262 ac
1139 2205 1225 2262 rudis
1240 2221 1314 2262 cura
1329 2204 1360 2260 in

504 2283 638 2341 fistulam
654 2290 861 2354 converterat,
876 2300 968 2356 quam
983 2291 1263 2358 posteanunquam
1278 2286 1360 2342 clau-

504 2364 580 2422 dere
601 2364 707 2435 voluit,
732 2363 982 2422 dissuadentibus
1007 2365 1152 2439 physicis,
1174 2366 1230 2423 sed
1252 2371 1361 2423 contra

505 2461 629 2502 omnem
645 2450 798 2500 tumorem
810 2461 846 2500 ac
858 2443 999 2502 dolorem
1010 2445 1148 2519 plumbo,
1164 2464 1244 2518 aqua
1255 2452 1286 2502 et
1297 2445 1360 2502 alu-

505 2525 588 2581 mine
608 2524 841 2581 mundissimam
861 2541 985 2597 semper
1003 2526 1144 2584 servavit.
1164 2526 1266 2584 Itineri
1287 2527 1362 2584 obe-

505 2604 590 2661 undo
603 2622 761 2676 nunquam
774 2611 896 2677 tempus
908 2604 1010 2680 elegit,
1022 2606 1078 2663 sed
1090 2614 1124 2663 ut
1132 2624 1221 2663 casus
1233 2606 1361 2676 serebat,

505 2691 601 2742 noctu
616 2691 668 2741 aut
683 2684 733 2741 die
744 2684 1009 2759 proficiscebatur,
1020 2687 1112 2743 etiam
1128 2687 1159 2743 in
1175 2703 1360 2759 quacunque

505 2766 584 2822 aeris
600 2765 791 2838 intemperie.

506 2862 617 2964 [HI
662 2844 865 2902 Lucubrabat
876 2845 1028 2903 matutino
1040 2853 1181 2922 tempore
1193 2845 1363 2905 scribebat-

624 2941 635 2963 ·
662 2943 724 2998 que
734 2926 773 2984 ad
781 2926 907 2997 amicos
921 2943 1142 3000 nunquamque
1154 2927 1361 2985 librario-usus

505 3011 559 3062 est.
577 3003 711 3063 Carmini
727 3007 829 3080 aptior
844 3014 918 3078 erat,
933 3006 989 3064 sed
1004 3014 1035 3064 et
1049 3025 1175 3081 prosam
1190 3009 1270 3064 inter
1284 3007 1363 3080 pris-

505 3103 614 3143 corum
629 3103 845 3158 novorumque
861 3087 964 3144 stilum
979 3093 1042 3144 tam
1057 3087 1172 3145 cultam
1184 3087 1317 3161 scripsit,
1329 3093 1363 3143 ut

505 3183 569 3222 non
584 3166 684 3222 solum
704 3167 833 3224 <inter>
853 3185 962 3224 omnes
977 3167 1056 3224 illius
1071 3169 1181 3225 aetatis
1193 3169 1362 3241 scriptores

506 3246 536 3303 in
555 3246 684 3321 regione
704 3265 759 3302 sua
777 3246 954 3318 excelleret,
975 3247 1031 3305 sed
1051 3249 1143 3305 etiarn
1163 3247 1362 3306 admirationi

505 3334 596 3384 esset.
616 3323 761 3384 Ceterum
781 3343 852 3384 cum
873 3328 969 3385 multa
988 3329 1148 3400 scriberet,
1167 3329 1241 3385 nihil
1262 3347 1303 3385 ex
1317 3328 1362 3384 eis

506 3408 536 3463 in
548 3424 657 3463 manus
669 3407 799 3464 aliorum
811 3408 980 3478 emittebat,
992 3427 1047 3464 seu
1059 3409 1144 3482 quod
1153 3409 1211 3466 sibi
1220 3409 1278 3483 ipsi
1287 3409 1362 3465 scri-

503 3487 609 3544 bendo
625 3505 689 3543 non
704 3487 904 3559 satisfaceret,
919 3507 973 3545 seu
989 3488 1083 3561 quod,
1099 3506 1178 3561 quae
1193 3489 1361 3558 scribebat,

504 3567 650 3625 inferiora
665 3567 815 3642 dignitate
836 3586 890 3624 sua
908 3568 1100 3632 videbantur,
1120 3569 1277 3626 Historiae
1292 3574 1360 3625 tan-

475 3646 488 3674 ⁶
503 3647 666 3704 tummodo
677 3647 717 3703 de
729 3647 912 3705 evocatione
923 3648 1071 3706 Vladislai
1082 3651 1164 3726 regis
1176 3649 1215 3706 ad
1227 3665 1357 3724 regnum

505 3728 659 3803 Ungariae
681 3745 717 3784 ac
737 3728 802 3784 eius
825 3727 1075 3800 expeditionibus
1098 3737 1207 3786 contra
1227 3729 1358 3800 Turcos,

505 3826 597 3880 quam
612 3807 733 3864 duobus
745 3807 855 3864 libellis
867 3808 1042 3881 explicavit,
1053 3810 1158 3867 amieis
1174 3809 1358 3883 quibusdam

506 3889 627 3961 copiam
647 3887 731 3958 feeit,
751 3887 969 3945 nonnullorum
989 3891 1081 3956 etiam
1103 3891 1359 3965 epigrammaton,

504 3969 749 4042 praesertimque
764 3984 881 4038 eorum,
901 3986 980 4041 quae
995 3977 1104 4029 eontra
1116 3970 1266 4028 Fanniam
1288 3988 1360 4027 nos-

504 4139 590 4200 Ebert,
610 4139 712 4186 Literat.
732 4139 757 4186 d.
778 4139 945 4201 Mittelalters,
964 4141 1010 4188 III.
1029 4153 1089 4203 pag.
1109 4152 1169 4206 351.
