3240 5478
920 790 996 841 FOL.
1015 791 1079 842 XIII

227 873 388 888 VWNANVVV*

224 1005 312 1070 seret,
328 1017 391 1056 non
408 1001 508 1056 minus
524 1019 626 1074 aequo
640 1001 744 1059 animo
760 1003 791 1059 in
806 1021 839 1060 se
854 1002 937 1062 dicta
952 1004 1079 1062 ferebat.

223 1079 344 1136 Ebriosi
359 1081 423 1138 filio
439 1082 597 1154 obicienti,
616 1082 702 1156 quod
724 1101 765 1140 ex
785 1090 916 1157 paterno
938 1085 1079 1142 instituto

223 1160 313 1217 vilem
329 1178 439 1218 cenam
454 1163 659 1236 apposuisset,
674 1163 728 1220 ait:
749 1181 811 1239 ego
834 1171 867 1221 ut
885 1172 1079 1239 pater-meus

223 1239 364 1312 comed0,
379 1249 412 1299 tu
427 1249 461 1298 ut
476 1251 547 1298 tuus
563 1243 652 1301 bibis.
671 1243 835 1301 Dicentem
851 1245 954 1303 iocum
970 1246 1000 1303 in
1016 1245 1080 1319 pal-

222 1320 293 1377 lium
314 1340 413 1392 suum,
426 1321 520 1395 'quod
540 1323 674 1381 sordidis
695 1325 822 1382 maculis
841 1325 1021 1383 distinctum
1036 1327 1081 1382 vi-

222 1417 288 1458 cem
304 1403 442 1460 nebridis
455 1403 485 1460 in
497 1403 737 1462 bacchanalibus
749 1405 877 1479 implere
888 1412 1005 1480 posset,
1019 1406 1079 1464 hoc

215 1481 306 1540 ,dicto
322 1484 528 1557 compescuit:
544 1483 664 1542 facilior
678 1490 726 1542 est
740 1486 857 1543 ablutio
871 1486 964 1561 pallii,
986 1505 1078 1560 quam

221 1563 321 1620 animi.
336 1563 412 1620 Erat
426 1564 510 1621 enim
529 1563 579 1622 ille
594 1565 697 1622 multis
713 1567 931 1639 coinquinatus
946 1567 1077 1642 flagitiis.

220 1641 430 1716 Exprobranti
445 1644 578 1716 cuidam,
598 1645 684 1718 quod
702 1653 863 1719 paternam
883 1647 1077 1721 disciplinam

219 1721 298 1780 ferre
310 1741 374 1781 non
386 1725 551 1797 potuisset:
568 1743 637 1800 eg0‚
652 1726 760 1799 inquit,
775 1727 805 1783 in
817 1727 916 1784 aliena
930 1728 1025 1785 domo
1037 1729 1079 1784 ita

213 1804 289 1875 uixi,
305 1811 339 1861 ut
352 1805 383 1861 in
394 1811 523 1878 paterna
534 1805 641 1863 videar
652 1807 816 1879 educatus;
832 1808 919 1864 multi
931 1808 1014 1882 apud
1025 1826 1078 1882 pa-

220 1890 296 1940 trem
317 1885 363 1942 sic
383 1885 511 1960 degunt,
533 1893 567 1943 ut
586 1887 669 1960 apud
689 1889 829 1960 quemvis
848 1889 962 1962 potius,
982 1906 1075 1961 quam

220 1965 275 2022 sub
286 1972 418 2039 paterna
429 1965 601 2040 disciplina,
616 1968 723 2024 nutriti
734 1975 911 2042 appareant.
925 1967 1076 2026 Claudum

219 2045 403 2102 maledicum
419 2044 523 2122 lingua
538 2045 701 2119 debilitari,
716 2066 780 2105 non
794 2048 876 2122 pede
892 2049 1076 2122 oportuisse,

218 2125 267 2182 ait.
289 2125 323 2182 ln
346 2144 426 2197 eum,
454 2128 505 2200 qui
526 2144 629 2185 rerum
649 2146 773 2185 suarum
793 2129 968 2186 custodiam
988 2129 1075 2186 lusco

218 2207 425 2278 commiserat,
439 2206 595 2265 distichon
610 2207 671 2265 tale
686 2208 796 2266 edidit:

288 2297 338 2360 Qui
358 2297 428 2346 videt
446 2297 584 2346 unoculum
603 2306 747 2347 cernentem
767 2300 869 2361 singula
888 2300 977 2362 solem,

341 2369 401 2418 Non
421 2375 486 2417 errat
504 2369 582 2418 lusco¹
595 2370 698 2418 credere
717 2371 838 2435 quicquid
856 2371 942 2420 habet.

216 2445 363 2504 Nonnulli
380 2449 512 2522 improbi
529 2455 560 2506 et
571 2449 703 2506 malefici
715 2451 866 2522 homines,
881 2450 1025 2508 credulos
1037 2467 1073 2508 ac

217 2528 372 2602 simplices
396 2528 520 2600 elusuri,
544 2529 705 2606 fingebant
724 2548 758 2587 se
777 2532 895 2588 amalo
921 2531 1073 2588 daemone

216 2609 319 2665 vexari
336 2627 434 2682 eaque
446 2609 565 2667 fallacia
576 2612 751 2684 procaciter
762 2611 848 2684 quasi
862 2628 953 2684 opem
965 2611 1074 2685 implo-

215 2695 318 2746 rantes
340 2690 554 2747 consistebant
573 2692 604 2746 in
623 2691 757 2764 templis,
782 2698 816 2748 ut
836 2709 977 2765 quaeque
1001 2691 1075 2748 insi-

130 2797 132 2802 ·
215 2770 325 2843 gniora
337 2776 442 2827 essent
456 2770 558 2844 aliqua
572 2772 743 2846 praecipua
756 2771 909 2847 religione
925 2779 1017 2845 atque
1033 2772 1074 2830 ob

170 2847 173 2854 ’
216 2849 246 2906 id
261 2851 359 2926 magis
375 2869 467 2923 quam
489 2857 595 2908 cetera
612 2851 892 2925 frequentarentur.
915 2852 985 2926 Quo
1005 2858 1073 2908 astu

215 2948 278 2987 non
294 2929 434 2988 modicas
446 2932 594 3004 pecunias
606 2950 624 2988 a
634 2933 851 2990 miserantibus
864 2932 1074 2989 ementieban-

214 3015 271 3068 tur.
288 3009 367 3069 Cum
383 3012 485 3084 itaque
499 3012 529 3067 in
541 3011 705 3069 ecclesiam
717 3012 859 3088 Gregorii
872 3013 970 3069 abusu
982 3031 1016 3069 se
1027 3031 1073 3070 re-

214 3091 379 3164 cepissent,
391 3091 441 3148 ille
452 3109 508 3164 per
519 3093 618 3149 varias
630 3093 845 3167 captiosasque
857 3093 1073 3169 interrogatio-

214 3189 268 3228 nes
280 3172 475 3246 deprehensa
485 3178 672 3245 quaestuosa
682 3172 1072 3231 fallaciamoxverberibus

213 3252 375 3309 veritatem
390 3252 521 3310 extorsit
535 3253 773 3327 humanitusque
787 3254 920 3311 servavit
935 3272 999 3325 eos,
1019 3255 1071 3327 qui

214 3331 351 3389 divinam
367 3351 459 3406 opem
475 3332 650 3391 eludebant.

300 3413 422 3470 Interea
436 3413 619 3485 Vladislaus,
639 3413 692 3486 qui
704 3414 762 3469 iam
774 3420 846 3487 post
856 3421 976 3487 patrem
989 3414 1071 3489 apud

268 3509 277 3533 ⁸
301 3492 437 3551 Polonos
446 3495 604 3569 regnabat,
618 3493 658 3551 ad
665 3511 796 3570 regnum
805 3493 959 3569 Ungariae
967 3512 1070 3551 accer-

214 3573 298 3630 situr.
319 3573 389 3647 Qui,
409 3580 473 3631 tum
494 3592 613 3632 memor
628 3573 872 3646 consuetudinis
891 3593 980 3648 quae,
995 3574 1069 3631 dum

212 3670 291 3726 puer
310 3653 518 3726 erudiebatur,
538 3653 691 3730 Gregorio
712 3653 795 3728 apud
814 3673 848 3711 se
868 3655 985 3726 fuisset,
1005 3661 1070 3711 tum

211 3735 348 3806 percitus
368 3734 458 3806 fama,
482 3753 562 3808 quae
582 3735 621 3793 de
640 3735 754 3792 virtute
774 3742 868 3808 atque
892 3735 1067 3810 integritate

213 3814 345 3871 hominis
353 3815 637 3885 circumferebatur,
649 3833 720 3872 eum
728 3815 943 3896 dignissimum
956 3814 1071 3872 iudica-

210 3895 263 3966 vit,
277 3913 370 3968 quem
383 3913 446 3952 non
458 3896 557 3958 solum
571 3897 600 3952 in
612 3897 752 3953 humanis
764 3896 856 3953 rebus
868 3895 1068 3953 consiliorum

212 3975 395 4049 participem
410 3976 550 4048 haberet,
564 3975 621 4036 sed
636 3977 718 4033 in-iis
734 3977 835 4047 etiam,
850 3992 930 4049 quae
946 3975 985 4033 ad
1000 3975 1071 4032 reli-

211 4055 336 4129 gionem
352 4063 383 4113 et
393 4057 540 4129 pietatem
553 4057 693 4132 attinent,
708 4057 919 4114 conscientiae
934 4075 1007 4113 suae
1022 4073 1069 4114 ar-

212 4135 325 4193 bitrum
341 4135 502 4212 deligeret,
523 4137 635 4211 cuique
655 4137 798 4211 placandi
819 4137 1069 4212 conciliandique
