<?xml version="1.0" encoding="UTF-8"?>
<!DOCTYPE html PUBLIC "-//W3C//DTD XHTML 1.0 Transitional//EN"
    "http://www.w3.org/TR/xhtml1/DTD/xhtml1-transitional.dtd">
<html xmlns="http://www.w3.org/1999/xhtml" xml:lang="en" lang="en">
 <head>
  <title>
</title>
<meta http-equiv="Content-Type" content="text/html;charset=utf-8" />
  <meta name='ocr-system' content='tesseract 3.04.00' />
  <meta name='ocr-capabilities' content='ocr_page ocr_carea ocr_par ocr_line ocrx_word'/>
</head>
<body>
  <div class='ocr_page' id='page_1' title='image "./philippibuonacc00miodgoog_0028.png"; bbox 0 0 3240 5478; ppageno 0'>
   <div class='ocr_carea' id='block_1_1' title="bbox 954 786 1101 841">
    <p class='ocr_par' dir='ltr' id='par_1_1' title="bbox 954 786 1101 841">
     <span class='ocr_line' id='line_1_1' title="bbox 954 786 1101 841; baseline 0 -1"><span class='ocrx_word' id='word_1_1' title='bbox 954 786 1030 841; x_wconf 87' lang='lat' dir='ltr'>FOL.</span> <span class='ocrx_word' id='word_1_2' title='bbox 1049 788 1101 840; x_wconf 88' lang='lat' dir='ltr'>XII</span> 
     </span>
    </p>
   </div>
   <div class='ocr_carea' id='block_1_2' title="bbox 242 1002 1103 2041">
    <p class='ocr_par' dir='ltr' id='par_1_2' title="bbox 242 1002 1103 2041">
     <span class='ocr_line' id='line_1_2' title="bbox 243 1002 1101 1077; baseline 0.002 -17"><span class='ocrx_word' id='word_1_3' title='bbox 243 1003 358 1077; x_wconf 89' lang='lat' dir='ltr'>aliquid</span> <span class='ocrx_word' id='word_1_4' title='bbox 366 1002 482 1075; x_wconf 90' lang='lat' dir='ltr'>deerat,</span> <span class='ocrx_word' id='word_1_5' title='bbox 489 1003 575 1077; x_wconf 92' lang='lat' dir='ltr'>quod</span> <span class='ocrx_word' id='word_1_6' title='bbox 582 1002 621 1061; x_wconf 90' lang='lat' dir='ltr'>ad</span> <span class='ocrx_word' id='word_1_7' title='bbox 629 1002 880 1077; x_wconf 90' lang='lat' dir='ltr'>persuadendum</span> <span class='ocrx_word' id='word_1_8' title='bbox 888 1010 971 1061; x_wconf 90' lang='lat' dir='ltr'>esset</span> <span class='ocrx_word' id='word_1_9' title='bbox 978 1020 1101 1062; x_wconf 91' lang='lat' dir='ltr'>accom-</span> 
     </span>
     <span class='ocr_line' id='line_1_3' title="bbox 243 1081 1101 1158; baseline 0 -16"><span class='ocrx_word' id='word_1_10' title='bbox 243 1085 411 1142; x_wconf 91' lang='lat' dir='ltr'>modatum.</span> <span class='ocrx_word' id='word_1_11' title='bbox 423 1081 569 1142; x_wconf 89' lang='lat' dir='ltr'>Ceterum</span> <span class='ocrx_word' id='word_1_12' title='bbox 577 1084 642 1140; x_wconf 92' lang='lat' dir='ltr'>eius</span> <span class='ocrx_word' id='word_1_13' title='bbox 651 1084 754 1142; x_wconf 88' lang='lat' dir='ltr'>animo</span> <span class='ocrx_word' id='word_1_14' title='bbox 763 1084 994 1142; x_wconf 88' lang='lat' dir='ltr'>ineratlibertas</span> <span class='ocrx_word' id='word_1_15' title='bbox 1007 1103 1101 1158; x_wconf 93' lang='lat' dir='ltr'>quae-</span> 
     </span>
     <span class='ocr_line' id='line_1_4' title="bbox 243 1163 1102 1238; baseline 0 -16"><span class='ocrx_word' id='word_1_16' title='bbox 243 1164 314 1222; x_wconf 88' lang='lat' dir='ltr'>dam</span> <span class='ocrx_word' id='word_1_17' title='bbox 326 1163 482 1236; x_wconf 85' lang='lat' dir='ltr'>naturalis‚</span> <span class='ocrx_word' id='word_1_18' title='bbox 494 1181 597 1237; x_wconf 90' lang='lat' dir='ltr'>neque</span> <span class='ocrx_word' id='word_1_19' title='bbox 609 1165 703 1221; x_wconf 89' lang='lat' dir='ltr'>metui</span> <span class='ocrx_word' id='word_1_20' title='bbox 715 1182 817 1238; x_wconf 91' lang='lat' dir='ltr'>neque</span> <span class='ocrx_word' id='word_1_21' title='bbox 828 1165 990 1238; x_wconf 87' lang='lat' dir='ltr'>cupiditati</span> <span class='ocrx_word' id='word_1_22' title='bbox 1003 1165 1102 1223; x_wconf 92' lang='lat' dir='ltr'>obno-</span> 
     </span>
     <span class='ocr_line' id='line_1_5' title="bbox 242 1244 1102 1320; baseline 0 -18"><span class='ocrx_word' id='word_1_23' title='bbox 242 1246 302 1316; x_wconf 90' lang='lat' dir='ltr'>xia,</span> <span class='ocrx_word' id='word_1_24' title='bbox 317 1244 372 1302; x_wconf 92' lang='lat' dir='ltr'>sed</span> <span class='ocrx_word' id='word_1_25' title='bbox 386 1244 581 1302; x_wconf 85' lang='lat' dir='ltr'><strong>honestatem</strong></span> <span class='ocrx_word' id='word_1_26' title='bbox 603 1251 753 1318; x_wconf 91' lang='lat' dir='ltr'>appetens</span> <span class='ocrx_word' id='word_1_27' title='bbox 772 1251 804 1302; x_wconf 88' lang='lat' dir='ltr'>et</span> <span class='ocrx_word' id='word_1_28' title='bbox 818 1245 856 1303; x_wconf 93' lang='lat' dir='ltr'>ab</span> <span class='ocrx_word' id='word_1_29' title='bbox 872 1246 956 1303; x_wconf 91' lang='lat' dir='ltr'>omni</span> <span class='ocrx_word' id='word_1_30' title='bbox 971 1246 1102 1320; x_wconf 90' lang='lat' dir='ltr'>turpitu-</span> 
     </span>
     <span class='ocr_line' id='line_1_6' title="bbox 244 1323 1100 1398; baseline -0.001 -15"><span class='ocrx_word' id='word_1_31' title='bbox 244 1325 316 1383; x_wconf 88' lang='lat' dir='ltr'>dine</span> <span class='ocrx_word' id='word_1_32' title='bbox 331 1323 515 1382; x_wconf 81' lang='lat' dir='ltr'>abhorr&#39;ens:</span> <span class='ocrx_word' id='word_1_33' title='bbox 531 1343 596 1382; x_wconf 90' lang='lat' dir='ltr'>non</span> <span class='ocrx_word' id='word_1_34' title='bbox 615 1325 760 1383; x_wconf 89' lang='lat' dir='ltr'>secundis</span> <span class='ocrx_word' id='word_1_35' title='bbox 775 1325 868 1383; x_wconf 90' lang='lat' dir='ltr'>rebus</span> <span class='ocrx_word' id='word_1_36' title='bbox 883 1325 1100 1398; x_wconf 87' lang='lat' dir='ltr'>extollebatur,</span> 
     </span>
     <span class='ocr_line' id='line_1_7' title="bbox 245 1404 1101 1480; baseline 0 -17"><span class='ocrx_word' id='word_1_37' title='bbox 245 1424 307 1464; x_wconf 92' lang='lat' dir='ltr'>non</span> <span class='ocrx_word' id='word_1_38' title='bbox 331 1405 469 1463; x_wconf 87' lang='lat' dir='ltr'>adversis</span> <span class='ocrx_word' id='word_1_39' title='bbox 495 1404 686 1463; x_wconf 90' lang='lat' dir='ltr'>muliebriter</span> <span class='ocrx_word' id='word_1_40' title='bbox 707 1405 942 1479; x_wconf 89' lang='lat' dir='ltr'>succumbebat;</span> <span class='ocrx_word' id='word_1_41' title='bbox 965 1406 1101 1480; x_wconf 90' lang='lat' dir='ltr'>denique</span> 
     </span>
     <span class='ocr_line' id='line_1_8' title="bbox 244 1485 1100 1559; baseline 0 -17"><span class='ocrx_word' id='word_1_42' title='bbox 244 1493 367 1559; x_wconf 88' lang='lat' dir='ltr'>praeter</span> <span class='ocrx_word' id='word_1_43' title='bbox 385 1486 531 1543; x_wconf 89' lang='lat' dir='ltr'>virtutem</span> <span class='ocrx_word' id='word_1_44' title='bbox 550 1485 643 1543; x_wconf 88' lang='lat' dir='ltr'>vilem</span> <span class='ocrx_word' id='word_1_45' title='bbox 663 1487 785 1544; x_wconf 89' lang='lat' dir='ltr'>turbam</span> <span class='ocrx_word' id='word_1_46' title='bbox 804 1504 908 1544; x_wconf 89' lang='lat' dir='ltr'>rerum</span> <span class='ocrx_word' id='word_1_47' title='bbox 927 1494 1100 1544; x_wconf 89' lang='lat' dir='ltr'>ceterarum</span> 
     </span>
     <span class='ocr_line' id='line_1_9' title="bbox 244 1565 1102 1638; baseline 0 -16"><span class='ocrx_word' id='word_1_48' title='bbox 244 1567 448 1623; x_wconf 86' lang='lat' dir='ltr'>existimabat.</span> <span class='ocrx_word' id='word_1_49' title='bbox 461 1565 568 1625; x_wconf 89' lang='lat' dir='ltr'>Somni</span> <span class='ocrx_word' id='word_1_50' title='bbox 579 1573 611 1623; x_wconf 88' lang='lat' dir='ltr'>et</span> <span class='ocrx_word' id='word_1_51' title='bbox 621 1566 838 1624; x_wconf 87' lang='lat' dir='ltr'>alimentorum</span> <span class='ocrx_word' id='word_1_52' title='bbox 850 1567 1024 1638; x_wconf 90' lang='lat' dir='ltr'>nullacura,</span> <span class='ocrx_word' id='word_1_53' title='bbox 1036 1566 1102 1623; x_wconf 91' lang='lat' dir='ltr'>nul-</span> 
     </span>
     <span class='ocr_line' id='line_1_10' title="bbox 245 1645 1100 1723; baseline -0.001 -20"><span class='ocrx_word' id='word_1_54' title='bbox 245 1646 291 1704; x_wconf 91' lang='lat' dir='ltr'>lus</span> <span class='ocrx_word' id='word_1_55' title='bbox 306 1653 484 1720; x_wconf 89' lang='lat' dir='ltr'>apparatus:</span> <span class='ocrx_word' id='word_1_56' title='bbox 504 1646 675 1722; x_wconf 81' lang='lat' dir='ltr'>neglegens</span> <span class='ocrx_word' id='word_1_57' title='bbox 694 1647 806 1718; x_wconf 92' lang='lat' dir='ltr'>verius,</span> <span class='ocrx_word' id='word_1_58' title='bbox 826 1665 920 1720; x_wconf 92' lang='lat' dir='ltr'>quam</span> <span class='ocrx_word' id='word_1_59' title='bbox 939 1647 1020 1723; x_wconf 85' lang='lat' dir='ltr'>frugi</span> <span class='ocrx_word' id='word_1_60' title='bbox 1039 1645 1100 1704; x_wconf 91' lang='lat' dir='ltr'>dici</span> 
     </span>
     <span class='ocr_line' id='line_1_11' title="bbox 244 1727 1102 1804; baseline -0.001 -19"><span class='ocrx_word' id='word_1_61' title='bbox 244 1733 374 1800; x_wconf 90' lang='lat' dir='ltr'>poterat.</span> <span class='ocrx_word' id='word_1_62' title='bbox 396 1727 513 1785; x_wconf 88' lang='lat' dir='ltr'>Habitu</span> <span class='ocrx_word' id='word_1_63' title='bbox 533 1727 626 1784; x_wconf 90' lang='lat' dir='ltr'>etiam</span> <span class='ocrx_word' id='word_1_64' title='bbox 640 1727 878 1800; x_wconf 85' lang='lat' dir='ltr'>haudquaquam</span> <span class='ocrx_word' id='word_1_65' title='bbox 893 1728 1021 1804; x_wconf 89' lang='lat' dir='ltr'>egregio</span> <span class='ocrx_word' id='word_1_66' title='bbox 1036 1733 1102 1784; x_wconf 92' lang='lat' dir='ltr'>ute·</span> 
     </span>
     <span class='ocr_line' id='line_1_12' title="bbox 245 1807 1100 1883; baseline -0.001 -19"><span class='ocrx_word' id='word_1_67' title='bbox 245 1807 342 1879; x_wconf 91' lang='lat' dir='ltr'>batur,</span> <span class='ocrx_word' id='word_1_68' title='bbox 357 1807 413 1865; x_wconf 90' lang='lat' dir='ltr'>sed</span> <span class='ocrx_word' id='word_1_69' title='bbox 428 1807 480 1881; x_wconf 91' lang='lat' dir='ltr'>qui</span> <span class='ocrx_word' id='word_1_70' title='bbox 495 1807 662 1883; x_wconf 81' lang='lat' dir='ltr'>frugalitati</span> <span class='ocrx_word' id='word_1_71' title='bbox 677 1808 758 1865; x_wconf 92' lang='lat' dir='ltr'>vitae</span> <span class='ocrx_word' id='word_1_72' title='bbox 773 1814 968 1883; x_wconf 87' lang='lat' dir='ltr'>congrueret.</span> <span class='ocrx_word' id='word_1_73' title='bbox 989 1807 1100 1866; x_wconf 84' lang='lat' dir='ltr'>Facilis</span> 
     </span>
     <span class='ocr_line' id='line_1_13' title="bbox 244 1887 1102 1962; baseline 0 -18"><span class='ocrx_word' id='word_1_74' title='bbox 244 1887 283 1944; x_wconf 92' lang='lat' dir='ltr'>ad</span> <span class='ocrx_word' id='word_1_75' title='bbox 298 1906 370 1945; x_wconf 90' lang='lat' dir='ltr'>eum</span> <span class='ocrx_word' id='word_1_76' title='bbox 382 1887 484 1945; x_wconf 89' lang='lat' dir='ltr'>aditus</span> <span class='ocrx_word' id='word_1_77' title='bbox 497 1887 640 1945; x_wconf 91' lang='lat' dir='ltr'>omnibus</span> <span class='ocrx_word' id='word_1_78' title='bbox 652 1895 726 1959; x_wconf 89' lang='lat' dir='ltr'>erat,</span> <span class='ocrx_word' id='word_1_79' title='bbox 741 1905 800 1946; x_wconf 90' lang='lat' dir='ltr'>nec</span> <span class='ocrx_word' id='word_1_80' title='bbox 812 1889 912 1945; x_wconf 90' lang='lat' dir='ltr'>minus</span> <span class='ocrx_word' id='word_1_81' title='bbox 924 1889 991 1962; x_wconf 92' lang='lat' dir='ltr'>ipse</span> <span class='ocrx_word' id='word_1_82' title='bbox 1002 1887 1102 1959; x_wconf 90' lang='lat' dir='ltr'>facile,</span> 
     </span>
     <span class='ocr_line' id='line_1_14' title="bbox 245 1966 1103 2041; baseline 0.001 -17"><span class='ocrx_word' id='word_1_83' title='bbox 245 1986 307 2041; x_wconf 91' lang='lat' dir='ltr'>quo</span> <span class='ocrx_word' id='word_1_84' title='bbox 321 1967 492 2025; x_wconf 91' lang='lat' dir='ltr'>voluissent</span> <span class='ocrx_word' id='word_1_85' title='bbox 503 1968 603 2039; x_wconf 90' lang='lat' dir='ltr'>amici,</span> <span class='ocrx_word' id='word_1_86' title='bbox 614 1968 914 2026; x_wconf 86' lang='lat' dir='ltr'>circumducebatur.</span> <span class='ocrx_word' id='word_1_87' title='bbox 930 1966 1103 2027; x_wconf 88' lang='lat' dir='ltr'>Convenie-</span> 
     </span>
    </p>
   </div>
   <div class='ocr_carea' id='block_1_3' title="bbox 245 2046 1103 2508">
    <p class='ocr_par' dir='ltr' id='par_1_3' title="bbox 245 2046 1103 2508">
     <span class='ocr_line' id='line_1_15' title="bbox 245 2046 1101 2123; baseline 0 -17"><span class='ocrx_word' id='word_1_88' title='bbox 245 2048 319 2106; x_wconf 91' lang='lat' dir='ltr'>bant</span> <span class='ocrx_word' id='word_1_89' title='bbox 333 2048 373 2105; x_wconf 92' lang='lat' dir='ltr'>ad</span> <span class='ocrx_word' id='word_1_90' title='bbox 388 2066 459 2105; x_wconf 90' lang='lat' dir='ltr'>eum</span> <span class='ocrx_word' id='word_1_91' title='bbox 474 2067 515 2106; x_wconf 90' lang='lat' dir='ltr'>ex</span> <span class='ocrx_word' id='word_1_92' title='bbox 529 2046 679 2106; x_wconf 91' lang='lat' dir='ltr'>Cracovia</span> <span class='ocrx_word' id='word_1_93' title='bbox 693 2054 823 2123; x_wconf 88' lang='lat' dir='ltr'>propter</span> <span class='ocrx_word' id='word_1_94' title='bbox 836 2049 897 2106; x_wconf 90' lang='lat' dir='ltr'>loci</span> <span class='ocrx_word' id='word_1_95' title='bbox 912 2050 1101 2108; x_wconf 88' lang='lat' dir='ltr'>vicinitatem</span> 
     </span>
     <span class='ocr_line' id='line_1_16' title="bbox 245 2128 1101 2203; baseline 0 -18"><span class='ocrx_word' id='word_1_96' title='bbox 245 2128 385 2202; x_wconf 90' lang='lat' dir='ltr'>quotidie</span> <span class='ocrx_word' id='word_1_97' title='bbox 404 2128 581 2202; x_wconf 89' lang='lat' dir='ltr'>complures</span> <span class='ocrx_word' id='word_1_98' title='bbox 601 2128 686 2186; x_wconf 90' lang='lat' dir='ltr'>docti</span> <span class='ocrx_word' id='word_1_99' title='bbox 706 2130 773 2200; x_wconf 87' lang='lat' dir='ltr'>viri,</span> <span class='ocrx_word' id='word_1_100' title='bbox 797 2147 855 2187; x_wconf 90' lang='lat' dir='ltr'>nec</span> <span class='ocrx_word' id='word_1_101' title='bbox 875 2129 1101 2203; x_wconf 88' lang='lat' dir='ltr'>infrequentius</span> 
     </span>
     <span class='ocr_line' id='line_1_17' title="bbox 245 2209 1103 2285; baseline 0.001 -20"><span class='ocrx_word' id='word_1_102' title='bbox 245 2209 310 2282; x_wconf 89' lang='lat' dir='ltr'>ipse</span> <span class='ocrx_word' id='word_1_103' title='bbox 322 2210 478 2266; x_wconf 85' lang='lat' dir='ltr'>civitatem</span> <span class='ocrx_word' id='word_1_104' title='bbox 490 2209 633 2280; x_wconf 89' lang='lat' dir='ltr'>intrabat,</span> <span class='ocrx_word' id='word_1_105' title='bbox 641 2209 812 2283; x_wconf 88' lang='lat' dir='ltr'>recipiebat</span> <span class='ocrx_word' id='word_1_106' title='bbox 822 2228 855 2266; x_wconf 91' lang='lat' dir='ltr'>se</span> <span class='ocrx_word' id='word_1_107' title='bbox 867 2209 906 2267; x_wconf 90' lang='lat' dir='ltr'>ad</span> <span class='ocrx_word' id='word_1_108' title='bbox 917 2209 987 2268; x_wconf 91' lang='lat' dir='ltr'>loca</span> <span class='ocrx_word' id='word_1_109' title='bbox 997 2209 1103 2285; x_wconf 85' lang='lat' dir='ltr'>dispu-</span> 
     </span>
     <span class='ocr_line' id='line_1_18' title="bbox 245 2289 1102 2366; baseline 0.001 -20"><span class='ocrx_word' id='word_1_110' title='bbox 245 2289 375 2346; x_wconf 88' lang='lat' dir='ltr'>tantium</span> <span class='ocrx_word' id='word_1_111' title='bbox 390 2295 444 2347; x_wconf 90' lang='lat' dir='ltr'>aut</span> <span class='ocrx_word' id='word_1_112' title='bbox 462 2289 630 2366; x_wconf 89' lang='lat' dir='ltr'>legentium</span> <span class='ocrx_word' id='word_1_113' title='bbox 650 2296 682 2346; x_wconf 90' lang='lat' dir='ltr'>et</span> <span class='ocrx_word' id='word_1_114' title='bbox 702 2307 782 2363; x_wconf 90' lang='lat' dir='ltr'>quae</span> <span class='ocrx_word' id='word_1_115' title='bbox 802 2291 833 2347; x_wconf 90' lang='lat' dir='ltr'>in</span> <span class='ocrx_word' id='word_1_116' title='bbox 852 2290 945 2348; x_wconf 90' lang='lat' dir='ltr'>rebus</span> <span class='ocrx_word' id='word_1_117' title='bbox 964 2291 1102 2361; x_wconf 90' lang='lat' dir='ltr'>sentiret,</span> 
     </span>
     <span class='ocr_line' id='line_1_19' title="bbox 246 2369 1102 2443; baseline 0 -17"><span class='ocrx_word' id='word_1_118' title='bbox 246 2376 308 2426; x_wconf 90' lang='lat' dir='ltr'>tam</span> <span class='ocrx_word' id='word_1_119' title='bbox 323 2370 457 2427; x_wconf 85' lang='lat' dir='ltr'>libenter</span> <span class='ocrx_word' id='word_1_120' title='bbox 469 2369 659 2443; x_wconf 91' lang='lat' dir='ltr'>proferebat,</span> <span class='ocrx_word' id='word_1_121' title='bbox 680 2388 773 2443; x_wconf 90' lang='lat' dir='ltr'>quam</span> <span class='ocrx_word' id='word_1_122' title='bbox 788 2371 918 2428; x_wconf 90' lang='lat' dir='ltr'>aliorum</span> <span class='ocrx_word' id='word_1_123' title='bbox 933 2371 1102 2428; x_wconf 89' lang='lat' dir='ltr'>sententias</span> 
     </span>
     <span class='ocr_line' id='line_1_20' title="bbox 246 2449 399 2508; baseline 0.02 -3"><span class='ocrx_word' id='word_1_124' title='bbox 246 2449 399 2508; x_wconf 88' lang='lat' dir='ltr'>audiebat.</span> 
     </span>
    </p>
   </div>
   <div class='ocr_carea' id='block_1_4' title="bbox 245 2530 1103 2649">
    <p class='ocr_par' dir='ltr' id='par_1_4' title="bbox 245 2530 1103 2649">
     <span class='ocr_line' id='line_1_21' title="bbox 245 2530 1103 2649; baseline -0.037 -45"><span class='ocrx_word' id='word_1_125' title='bbox 245 2547 379 2649; x_wconf 53' lang='lat' dir='ltr'><strong>VHI·</strong></span> <span class='ocrx_word' id='word_1_126' title='bbox 406 2530 583 2588; x_wconf 89' lang='lat' dir='ltr'>Dialecticis</span> <span class='ocrx_word' id='word_1_127' title='bbox 609 2547 680 2588; x_wconf 90' lang='lat' dir='ltr'>raro</span> <span class='ocrx_word' id='word_1_128' title='bbox 701 2531 971 2606; x_wconf 88' lang='lat' dir='ltr'>congrediebatur,</span> <span class='ocrx_word' id='word_1_129' title='bbox 996 2548 1103 2605; x_wconf 69' lang='lat' dir='ltr'>super.</span> 
     </span>
    </p>
   </div>
   <div class='ocr_carea' id='block_1_5' title="bbox 246 2611 1133 4133">
    <p class='ocr_par' dir='ltr' id='par_1_5' title="bbox 246 2611 1133 4133">
     <span class='ocr_line' id='line_1_22' title="bbox 406 2611 1104 2670; baseline 0.001 -3"><span class='ocrx_word' id='word_1_130' title='bbox 406 2611 525 2668; x_wconf 91' lang='lat' dir='ltr'>stitiose</span> <span class='ocrx_word' id='word_1_131' title='bbox 547 2629 610 2668; x_wconf 90' lang='lat' dir='ltr'>non</span> <span class='ocrx_word' id='word_1_132' title='bbox 631 2611 672 2668; x_wconf 93' lang='lat' dir='ltr'>ad</span> <span class='ocrx_word' id='word_1_133' title='bbox 683 2629 775 2668; x_wconf 87' lang='lat' dir='ltr'>verae</span> <span class='ocrx_word' id='word_1_134' title='bbox 786 2611 947 2670; x_wconf 91' lang='lat' dir='ltr'>doctrinae</span> <span class='ocrx_word' id='word_1_135' title='bbox 962 2630 1051 2668; x_wconf 91' lang='lat' dir='ltr'>usum</span> <span class='ocrx_word' id='word_1_136' title='bbox 1066 2629 1104 2668; x_wconf 92' lang='lat' dir='ltr'>ea</span> 
     </span>
     <span class='ocr_line' id='line_1_23' title="bbox 246 2690 1133 2765; baseline 0.002 -19"><span class='ocrx_word' id='word_1_137' title='bbox 246 2690 276 2746; x_wconf 92' lang='lat' dir='ltr'>in</span> <span class='ocrx_word' id='word_1_138' title='bbox 296 2690 441 2749; x_wconf 85' lang='lat' dir='ltr'>facultate</span> <span class='ocrx_word' id='word_1_139' title='bbox 461 2692 601 2749; x_wconf 89' lang='lat' dir='ltr'>homines</span> <span class='ocrx_word' id='word_1_140' title='bbox 621 2691 735 2749; x_wconf 89' lang='lat' dir='ltr'>erudiri</span> <span class='ocrx_word' id='word_1_141' title='bbox 751 2709 943 2765; x_wconf 87' lang='lat' dir='ltr'>asseverans;</span> <span class='ocrx_word' id='word_1_142' title='bbox 967 2691 1017 2749; x_wconf 90' lang='lat' dir='ltr'>cui</span> <span class='ocrx_word' id='word_1_143' title='bbox 1036 2699 1103 2748; x_wconf 89' lang='lat' dir='ltr'>tan·</span> <span class='ocrx_word' id='word_1_144' title='bbox 1130 2698 1133 2704; x_wconf 89' lang='lat'>&#39;</span> 
     </span>
     <span class='ocr_line' id='line_1_24' title="bbox 246 2771 1102 2845; baseline 0 -18"><span class='ocrx_word' id='word_1_145' title='bbox 246 2771 342 2844; x_wconf 90' lang='lat' dir='ltr'>tisper</span> <span class='ocrx_word' id='word_1_146' title='bbox 353 2789 481 2845; x_wconf 90' lang='lat' dir='ltr'>operam</span> <span class='ocrx_word' id='word_1_147' title='bbox 492 2771 628 2829; x_wconf 90' lang='lat' dir='ltr'>dandam</span> <span class='ocrx_word' id='word_1_148' title='bbox 638 2773 776 2845; x_wconf 88' lang='lat' dir='ltr'>putabat,</span> <span class='ocrx_word' id='word_1_149' title='bbox 790 2771 865 2830; x_wconf 91' lang='lat' dir='ltr'>dum</span> <span class='ocrx_word' id='word_1_150' title='bbox 877 2773 960 2830; x_wconf 90' lang='lat' dir='ltr'>circa</span> <span class='ocrx_word' id='word_1_151' title='bbox 971 2772 1102 2830; x_wconf 89' lang='lat' dir='ltr'>solidam</span> 
     </span>
     <span class='ocr_line' id='line_1_25' title="bbox 246 2852 1102 2927; baseline 0.001 -20"><span class='ocrx_word' id='word_1_152' title='bbox 246 2869 348 2908; x_wconf 88' lang='lat' dir='ltr'>rerum</span> <span class='ocrx_word' id='word_1_153' title='bbox 359 2852 571 2927; x_wconf 89' lang='lat' dir='ltr'>cognitionem</span> <span class='ocrx_word' id='word_1_154' title='bbox 579 2860 727 2923; x_wconf 91' lang='lat' dir='ltr'>versatur,</span> <span class='ocrx_word' id='word_1_155' title='bbox 736 2854 766 2909; x_wconf 91' lang='lat' dir='ltr'>in</span> <span class='ocrx_word' id='word_1_156' title='bbox 774 2852 900 2926; x_wconf 89' lang='lat' dir='ltr'>reliquis</span> <span class='ocrx_word' id='word_1_157' title='bbox 908 2852 1102 2910; x_wconf 86' lang='lat' dir='ltr'>refutandam</span> 
     </span>
     <span class='ocr_line' id='line_1_26' title="bbox 247 2931 1102 3009; baseline 0 -20"><span class='ocrx_word' id='word_1_158' title='bbox 247 2949 324 3002; x_wconf 89' lang='lat' dir='ltr'>esse,</span> <span class='ocrx_word' id='word_1_159' title='bbox 343 2931 416 2988; x_wconf 90' lang='lat' dir='ltr'>nihil</span> <span class='ocrx_word' id='word_1_160' title='bbox 437 2932 520 2989; x_wconf 90' lang='lat' dir='ltr'>enim</span> <span class='ocrx_word' id='word_1_161' title='bbox 540 2933 572 2990; x_wconf 92' lang='lat' dir='ltr'>in</span> <span class='ocrx_word' id='word_1_162' title='bbox 591 2951 625 2990; x_wconf 89' lang='lat' dir='ltr'>se</span> <span class='ocrx_word' id='word_1_163' title='bbox 643 2935 814 3005; x_wconf 88' lang='lat' dir='ltr'>continere,</span> <span class='ocrx_word' id='word_1_164' title='bbox 836 2934 893 2990; x_wconf 92' lang='lat' dir='ltr'>nisi</span> <span class='ocrx_word' id='word_1_165' title='bbox 908 2932 1102 3009; x_wconf 87' lang='lat' dir='ltr'>vigilantium</span> 
     </span>
     <span class='ocr_line' id='line_1_27' title="bbox 247 3012 1103 3087; baseline 0.006 -20"><span class='ocrx_word' id='word_1_166' title='bbox 247 3012 406 3069; x_wconf 89' lang='lat' dir='ltr'>insomnia.</span> <span class='ocrx_word' id='word_1_167' title='bbox 428 3012 615 3070; x_wconf 90' lang='lat' dir='ltr'>Medicinam</span> <span class='ocrx_word' id='word_1_168' title='bbox 634 3013 886 3087; x_wconf 89' lang='lat' dir='ltr'>anteponendam</span> <span class='ocrx_word' id='word_1_169' title='bbox 901 3014 1012 3071; x_wconf 89' lang='lat' dir='ltr'>ceteris</span> <span class='ocrx_word' id='word_1_170' title='bbox 1028 3013 1103 3071; x_wconf 92' lang='lat' dir='ltr'>doc-</span> 
     </span>
     <span class='ocr_line' id='line_1_28' title="bbox 247 3092 1102 3151; baseline 0.005 -4"><span class='ocrx_word' id='word_1_171' title='bbox 247 3092 333 3148; x_wconf 87' lang='lat' dir='ltr'>trinis</span> <span class='ocrx_word' id='word_1_172' title='bbox 358 3110 394 3150; x_wconf 91' lang='lat' dir='ltr'>ac</span> <span class='ocrx_word' id='word_1_173' title='bbox 418 3093 512 3150; x_wconf 91' lang='lat' dir='ltr'>veluti</span> <span class='ocrx_word' id='word_1_174' title='bbox 537 3093 706 3151; x_wconf 89' lang='lat' dir='ltr'>secundam</span> <span class='ocrx_word' id='word_1_175' title='bbox 732 3101 873 3151; x_wconf 90' lang='lat' dir='ltr'>naturam</span> <span class='ocrx_word' id='word_1_176' title='bbox 892 3093 1102 3151; x_wconf 84' lang='lat' dir='ltr'>venerandam</span> 
     </span>
     <span class='ocr_line' id='line_1_29' title="bbox 247 3172 1103 3249; baseline 0.001 -20"><span class='ocrx_word' id='word_1_177' title='bbox 247 3172 402 3231; x_wconf 89' lang='lat' dir='ltr'>censebat.</span> <span class='ocrx_word' id='word_1_178' title='bbox 423 3174 555 3231; x_wconf 89' lang='lat' dir='ltr'>Primam</span> <span class='ocrx_word' id='word_1_179' title='bbox 575 3175 658 3231; x_wconf 90' lang='lat' dir='ltr'>enim</span> <span class='ocrx_word' id='word_1_180' title='bbox 678 3174 760 3231; x_wconf 90' lang='lat' dir='ltr'>illam</span> <span class='ocrx_word' id='word_1_181' title='bbox 780 3174 918 3232; x_wconf 90' lang='lat' dir='ltr'>omnium</span> <span class='ocrx_word' id='word_1_182' title='bbox 932 3180 1103 3249; x_wconf 88' lang='lat' dir='ltr'>parentem,</span> 
     </span>
     <span class='ocr_line' id='line_1_30' title="bbox 247 3255 1103 3328; baseline 0.005 -20"><span class='ocrx_word' id='word_1_183' title='bbox 247 3259 387 3310; x_wconf 91' lang='lat' dir='ltr'>naturam</span> <span class='ocrx_word' id='word_1_184' title='bbox 402 3271 536 3328; x_wconf 90' lang='lat' dir='ltr'>corpora</span> <span class='ocrx_word' id='word_1_185' title='bbox 550 3261 669 3311; x_wconf 91' lang='lat' dir='ltr'>tantum</span> <span class='ocrx_word' id='word_1_186' title='bbox 685 3271 800 3326; x_wconf 85' lang='lat' dir='ltr'>creare,</span> <span class='ocrx_word' id='word_1_187' title='bbox 815 3255 905 3312; x_wconf 91' lang='lat' dir='ltr'>istam</span> <span class='ocrx_word' id='word_1_188' title='bbox 916 3271 1103 3312; x_wconf 89' lang='lat' dir='ltr'>conservare</span> 
     </span>
     <span class='ocr_line' id='line_1_31' title="bbox 247 3334 1104 3409; baseline 0.004 -20"><span class='ocrx_word' id='word_1_189' title='bbox 247 3338 348 3406; x_wconf 89' lang='lat' dir='ltr'>atque,</span> <span class='ocrx_word' id='word_1_190' title='bbox 363 3334 415 3390; x_wconf 92' lang='lat' dir='ltr'>ubi</span> <span class='ocrx_word' id='word_1_191' title='bbox 430 3335 529 3408; x_wconf 91' lang='lat' dir='ltr'>prima</span> <span class='ocrx_word' id='word_1_192' title='bbox 543 3351 674 3408; x_wconf 89' lang='lat' dir='ltr'>peccare</span> <span class='ocrx_word' id='word_1_193' title='bbox 690 3334 720 3391; x_wconf 92' lang='lat' dir='ltr'>in</span> <span class='ocrx_word' id='word_1_194' title='bbox 736 3335 838 3408; x_wconf 92' lang='lat' dir='ltr'>aliquo</span> <span class='ocrx_word' id='word_1_195' title='bbox 854 3335 1001 3408; x_wconf 90' lang='lat' dir='ltr'>coeperit,</span> <span class='ocrx_word' id='word_1_196' title='bbox 1015 3353 1104 3409; x_wconf 91' lang='lat' dir='ltr'>prae-</span> 
     </span>
     <span class='ocr_line' id='line_1_32' title="bbox 248 3413 1103 3488; baseline 0.001 -18"><span class='ocrx_word' id='word_1_197' title='bbox 248 3420 295 3470; x_wconf 92' lang='lat' dir='ltr'>sto</span> <span class='ocrx_word' id='word_1_198' title='bbox 311 3432 379 3472; x_wconf 92' lang='lat' dir='ltr'>esse</span> <span class='ocrx_word' id='word_1_199' title='bbox 395 3420 426 3471; x_wconf 91' lang='lat' dir='ltr'>et</span> <span class='ocrx_word' id='word_1_200' title='bbox 441 3413 621 3488; x_wconf 89' lang='lat' dir='ltr'>emendare;</span> <span class='ocrx_word' id='word_1_201' title='bbox 644 3414 684 3472; x_wconf 94' lang='lat' dir='ltr'>ad</span> <span class='ocrx_word' id='word_1_202' title='bbox 705 3421 876 3473; x_wconf 88' lang='lat' dir='ltr'>extremum</span> <span class='ocrx_word' id='word_1_203' title='bbox 891 3415 1103 3473; x_wconf 91' lang='lat' dir='ltr'>succurrendo</span> 
     </span>
     <span class='ocr_line' id='line_1_33' title="bbox 248 3493 1104 3569; baseline 0.002 -19"><span class='ocrx_word' id='word_1_204' title='bbox 248 3493 326 3551; x_wconf 91' lang='lat' dir='ltr'>illius</span> <span class='ocrx_word' id='word_1_205' title='bbox 342 3494 544 3552; x_wconf 89' lang='lat' dir='ltr'>imbecillitati</span> <span class='ocrx_word' id='word_1_206' title='bbox 564 3495 660 3554; x_wconf 89' lang='lat' dir='ltr'>multa</span> <span class='ocrx_word' id='word_1_207' title='bbox 674 3512 809 3569; x_wconf 90' lang='lat' dir='ltr'>corpora</span> <span class='ocrx_word' id='word_1_208' title='bbox 828 3495 1014 3554; x_wconf 90' lang='lat' dir='ltr'>medicinam</span> <span class='ocrx_word' id='word_1_209' title='bbox 1033 3495 1104 3553; x_wconf 90' lang='lat' dir='ltr'>red-</span> 
     </span>
     <span class='ocr_line' id='line_1_34' title="bbox 246 3573 1103 3649; baseline 0.001 -18"><span class='ocrx_word' id='word_1_210' title='bbox 246 3573 321 3632; x_wconf 88' lang='lat' dir='ltr'>dere</span> <span class='ocrx_word' id='word_1_211' title='bbox 336 3575 491 3647; x_wconf 91' lang='lat' dir='ltr'>diuturna,</span> <span class='ocrx_word' id='word_1_212' title='bbox 505 3594 594 3649; x_wconf 90' lang='lat' dir='ltr'>quae,</span> <span class='ocrx_word' id='word_1_213' title='bbox 608 3582 758 3649; x_wconf 88' lang='lat' dir='ltr'>quantum</span> <span class='ocrx_word' id='word_1_214' title='bbox 773 3576 884 3634; x_wconf 88' lang='lat' dir='ltr'>attinet</span> <span class='ocrx_word' id='word_1_215' title='bbox 898 3574 938 3633; x_wconf 91' lang='lat' dir='ltr'>ad</span> <span class='ocrx_word' id='word_1_216' title='bbox 953 3583 1103 3648; x_wconf 89' lang='lat' dir='ltr'>naturam,</span> 
     </span>
     <span class='ocr_line' id='line_1_35' title="bbox 248 3654 1104 3731; baseline 0.005 -21"><span class='ocrx_word' id='word_1_217' title='bbox 248 3654 306 3712; x_wconf 90' lang='lat' dir='ltr'>iam</span> <span class='ocrx_word' id='word_1_218' title='bbox 325 3657 490 3731; x_wconf 90' lang='lat' dir='ltr'>perierant.</span> <span class='ocrx_word' id='word_1_219' title='bbox 512 3657 553 3713; x_wconf 93' lang='lat' dir='ltr'>Et</span> <span class='ocrx_word' id='word_1_220' title='bbox 571 3655 714 3731; x_wconf 88' lang='lat' dir='ltr'>profecto</span> <span class='ocrx_word' id='word_1_221' title='bbox 734 3657 792 3713; x_wconf 89' lang='lat' dir='ltr'>nisi</span> <span class='ocrx_word' id='word_1_222' title='bbox 813 3663 911 3714; x_wconf 89' lang='lat' dir='ltr'>artem</span> <span class='ocrx_word' id='word_1_223' title='bbox 930 3655 1012 3714; x_wconf 92' lang='lat' dir='ltr'>illam</span> <span class='ocrx_word' id='word_1_224' title='bbox 1031 3673 1104 3730; x_wconf 91' lang='lat' dir='ltr'>pro-</span> 
     </span>
     <span class='ocr_line' id='line_1_36' title="bbox 246 3734 1102 3812; baseline 0.002 -21"><span class='ocrx_word' id='word_1_225' title='bbox 246 3734 374 3795; x_wconf 90' lang='lat' dir='ltr'>fessioni</span> <span class='ocrx_word' id='word_1_226' title='bbox 388 3754 461 3793; x_wconf 89' lang='lat' dir='ltr'>suae</span> <span class='ocrx_word' id='word_1_227' title='bbox 475 3754 585 3810; x_wconf 90' lang='lat' dir='ltr'>parum</span> <span class='ocrx_word' id='word_1_228' title='bbox 600 3753 774 3812; x_wconf 87' lang='lat' dir='ltr'>congruere</span> <span class='ocrx_word' id='word_1_229' title='bbox 789 3737 965 3809; x_wconf 90' lang='lat' dir='ltr'>iudicasset,</span> <span class='ocrx_word' id='word_1_230' title='bbox 980 3737 1102 3794; x_wconf 92' lang='lat' dir='ltr'>omissis</span> 
     </span>
     <span class='ocr_line' id='line_1_37' title="bbox 247 3816 1104 3890; baseline 0 -17"><span class='ocrx_word' id='word_1_231' title='bbox 247 3816 551 3890; x_wconf 86' lang='lat' dir='ltr'>ceterisdisciplinis</span> <span class='ocrx_word' id='word_1_232' title='bbox 570 3816 742 3875; x_wconf 89' lang='lat' dir='ltr'>medicinae</span> <span class='ocrx_word' id='word_1_233' title='bbox 767 3817 984 3876; x_wconf 89' lang='lat' dir='ltr'>tantummodo</span> <span class='ocrx_word' id='word_1_234' title='bbox 1004 3818 1104 3874; x_wconf 91' lang='lat' dir='ltr'>inten-</span> 
     </span>
     <span class='ocr_line' id='line_1_38' title="bbox 247 3895 1105 3974; baseline 0 -20"><span class='ocrx_word' id='word_1_235' title='bbox 247 3895 351 3956; x_wconf 89' lang='lat' dir='ltr'>disset.</span> <span class='ocrx_word' id='word_1_236' title='bbox 362 3897 442 3969; x_wconf 90' lang='lat' dir='ltr'>Illos,</span> <span class='ocrx_word' id='word_1_237' title='bbox 453 3897 506 3970; x_wconf 93' lang='lat' dir='ltr'>qui</span> <span class='ocrx_word' id='word_1_238' title='bbox 518 3915 616 3956; x_wconf 92' lang='lat' dir='ltr'>novos</span> <span class='ocrx_word' id='word_1_239' title='bbox 628 3898 846 3972; x_wconf 90' lang='lat' dir='ltr'>grammaticos</span> <span class='ocrx_word' id='word_1_240' title='bbox 855 3897 1105 3974; x_wconf 78' lang='lat' dir='ltr'>legebant‘omis·</span> 
     </span>
     <span class='ocr_line' id='line_1_39' title="bbox 249 3977 1103 4053; baseline 0.002 -20"><span class='ocrx_word' id='word_1_241' title='bbox 249 3978 289 4034; x_wconf 92' lang='lat' dir='ltr'>sis</span> <span class='ocrx_word' id='word_1_242' title='bbox 303 3978 470 4048; x_wconf 89' lang='lat' dir='ltr'>veteribus,</span> <span class='ocrx_word' id='word_1_243' title='bbox 489 3977 603 4035; x_wconf 89' lang='lat' dir='ltr'>similes</span> <span class='ocrx_word' id='word_1_244' title='bbox 624 3995 692 4035; x_wconf 90' lang='lat' dir='ltr'>esse</span> <span class='ocrx_word' id='word_1_245' title='bbox 712 3977 814 4036; x_wconf 90' lang='lat' dir='ltr'>aiebat</span> <span class='ocrx_word' id='word_1_246' title='bbox 828 3978 973 4053; x_wconf 87' lang='lat' dir='ltr'>aegrotis,</span> <span class='ocrx_word' id='word_1_247' title='bbox 991 3977 1044 4052; x_wconf 92' lang='lat' dir='ltr'>qui</span> <span class='ocrx_word' id='word_1_248' title='bbox 1064 3978 1103 4035; x_wconf 94' lang='lat' dir='ltr'>ab</span> 
     </span>
     <span class='ocr_line' id='line_1_40' title="bbox 249 4057 1104 4133; baseline -0.001 -17"><span class='ocrx_word' id='word_1_249' title='bbox 249 4059 391 4116; x_wconf 89' lang='lat' dir='ltr'>omnibus</span> <span class='ocrx_word' id='word_1_250' title='bbox 403 4057 587 4116; x_wconf 90' lang='lat' dir='ltr'>salutaribus</span> <span class='ocrx_word' id='word_1_251' title='bbox 599 4059 776 4130; x_wconf 91' lang='lat' dir='ltr'>abhorrent,</span> <span class='ocrx_word' id='word_1_252' title='bbox 791 4059 946 4116; x_wconf 91' lang='lat' dir='ltr'>contraria</span> <span class='ocrx_word' id='word_1_253' title='bbox 960 4077 1035 4117; x_wconf 90' lang='lat' dir='ltr'>vero</span> <span class='ocrx_word' id='word_1_254' title='bbox 1051 4075 1104 4133; x_wconf 90' lang='lat' dir='ltr'>ap-</span> 
     </span>
    </p>
   </div>
   <div class='ocr_carea' id='block_1_6' title="bbox 0 0 1633 5478">
    <p class='ocr_par' dir='ltr' id='par_1_6' title="bbox 0 0 1633 5478">
     <span class='ocr_line' id='line_1_41' title="bbox 0 0 1633 5478; baseline 0 0"><span class='ocrx_word' id='word_1_255' title='bbox 0 0 1633 5478; x_wconf 95' lang='lat' dir='ltr'> </span> 
     </span>
    </p>
   </div>
  </div>
 </body>
</html>
