3240 5478
555 823 766 910 QQ
777 825 971 877 SANOCEUS.

644 915 655 924 Α
660 915 692 927 Μ
698 916 726 928 v
731 896 1416 931 mmmm

557 1037 618 1096 illic
630 1039 808 1115 contigisse,
816 1046 850 1096 ut
860 1039 945 1097 velut
956 1039 995 1097 ab
1004 1039 1109 1099 amicis
1122 1047 1259 1098 semotus
1267 1041 1417 1114 tranquil-

557 1118 633 1175 litati
644 1127 751 1192 posset
763 1119 933 1191 intendere,
945 1137 980 1178 ac
992 1128 1105 1192 tamen,
1121 1137 1190 1178 cum
1206 1121 1357 1192 libuisset,
1371 1122 1416 1178 in-

560 1205 608 1256 ter
622 1199 739 1256 amicos
753 1208 936 1258 versaretur.
950 1200 1127 1258 instituerat
1141 1201 1181 1258 ad
1195 1209 1371 1258 extremum
1385 1220 1416 1259 a·

557 1297 631 1354 gere
643 1279 704 1338 illic
715 1280 817 1337 vitam.
834 1280 893 1338 Sed
905 1282 1001 1338 virtus
1014 1299 1077 1352 sua,
1092 1299 1171 1354 quae
1182 1281 1223 1338 ad
1233 1282 1352 1339 maiora
1362 1299 1416 1338 ex-

557 1361 730 1432 petebatur,
746 1361 846 1433 ipsum
860 1362 945 1434 prius
961 1361 1034 1419 inde
1048 1362 1209 1432 abstraxit,
1223 1369 1334 1436 postea
1349 1362 1415 1419 leli-

556 1441 633 1497 citas
652 1440 865 1513 Leopoliensis
884 1441 977 1513 sedis,
997 1459 1076 1514 quae
1096 1443 1134 1499 ab
1154 1459 1194 1499 eo
1214 1442 1414 1500 instauranda

556 1527 630 1578 erat.
638 1519 744 1593 ltaque
753 1538 822 1578 cum
832 1523 892 1578 iam
904 1522 1045 1580 absoluta
1056 1522 1199 1580 crederet
1210 1523 1323 1594 omnia,
1334 1541 1413 1596 quae

556 1618 621 1657 ase
636 1601 844 1676 exigerentur,
863 1603 978 1676 quippe
994 1603 1045 1675 qui
1061 1602 1167 1676 templi
1183 1601 1359 1660 aedificium
1374 1603 1413 1660 ad

556 1698 709 1737 summum
723 1680 929 1754 perduxisset,
945 1680 987 1759 [in
1000 1680 1145 1759 civitatel,
1160 1683 1324 1758 vectigalia
1338 1702 1413 1741 vero

555 1767 618 1817 tam
633 1761 729 1818 multa
743 1761 846 1819 forent
861 1769 1005 1836 coempta
1019 1770 1050 1821 et
1065 1770 1215 1837 reparata,
1230 1770 1264 1820 ut
1274 1763 1348 1820 nibil
1360 1763 1414 1821 de-

557 1859 625 1898 esse
646 1848 809 1914 appareret
828 1850 881 1899 aut
900 1841 1040 1918 dignitati
1063 1850 1115 1899 aut
1137 1843 1315 1916 opulentiae
1330 1843 1412 1900 sedis

556 1921 645 1993 illius,
661 1920 840 1979 reddiderat
852 1923 988 1979 animum
1004 1923 1133 1980 naturali
1145 1923 1368 1997 tranquillitati,
1383 1931 1414 1981 et

555 2008 692 2058 semotus
704 2001 743 2058 ab
756 2003 839 2058 omni
851 2004 1047 2078 negotiorum
1059 2003 1190 2060 tumultu
1202 2004 1326 2061 vivebat
1338 2004 1412 2061 nulli

555 2082 598 2138 rei
611 2081 708 2156 magis
722 2083 857 2139 intentus
872 2100 965 2156 quam
980 2082 1113 2150 lectioni.
1128 2083 1207 2140 Nam
1219 2084 1271 2156 qui
1288 2083 1411 2141 iuvenili

554 2168 654 2220 aetate
667 2161 801 2220 historiis
810 2164 943 2220 maxime
954 2170 985 2219 et
995 2164 1191 2236 poematibus
1203 2163 1326 2221 deditus
1339 2163 1411 2220 fuis-

555 2248 611 2314 set,
630 2242 661 2299 in
676 2249 797 2300 maturo
814 2250 924 2316 postea
941 2261 1019 2301 aevo
1037 2251 1166 2318 propter
1183 2242 1410 2317 professionem

555 2323 688 2379 maxime
697 2323 1411 2402 theologiam-amplexabaturphilosophiaeque

553 2410 673 2476 partem
693 2402 784 2474 illam,
807 2421 898 2476 quam
919 2405 1041 2462 ethicen
1061 2403 1181 2476 dicunt;
1204 2403 1410 2478 studebatque

496 2491 498 2494 '
556 2482 681 2558 legendi
697 2482 875 2542 assiduitate
890 2502 1094 2558 compensare
1108 2485 1293 2555 tarditatem,
1308 2503 1410 2558 quase

554 2562 594 2620 ad
606 2580 708 2620 sacras
720 2564 836 2621 litteras
849 2565 1063 2636 convertisset,
1078 2582 1142 2621 non
1156 2572 1260 2622 tamen
1275 2581 1410 2638 unquam

555 2644 716 2718 gentilium
731 2644 846 2717 scripta
865 2663 883 2702 a
902 2663 935 2702 se
950 2644 1114 2715 abdicavit,
1128 2644 1184 2702 sed
1199 2644 1311 2701 divinis
1327 2646 1411 2702 insti-

554 2724 725 2780 tutionibus
733 2741 769 2781 ac
778 2724 948 2799 disciplinis
960 2743 1000 2782 ex
1009 2724 1329 2799 proposito,p1·olanis
1337 2742 1408 2782 casu

558 2803 749 2862 intendebat.

553 2901 706 3001 XXX
740 2882 885 2942 Ceterum
900 2903 939 2942 ne
954 2892 1006 2942 aut
1021 2903 1066 2952 ea,
1081 2903 1160 2959 quae
1175 2882 1288 2960 magno
1304 2884 1410 2942 labore

710 2980 721 3002 ⁰
738 2965 1158 3041 conquisierat,neglegentia
1166 2964 1352 3038 deperirent,
1359 2972 1410 3022 aut

554 3044 676 3100 animus
691 3063 773 3115 suuS,
788 3063 881 3118 quem
892 3046 931 3102 ab
944 3046 1027 3103 omni
1039 3046 1273 3120 perturbatione
1288 3045 1410 3103 absolu-

554 3130 619 3180 tum
635 3123 768 3195 volebat,
788 3124 948 3183 servilibus
968 3127 1050 3183 curis
1070 3126 1288 3200 implicaretur,
1307 3143 1409 3182 rerum

555 3220 678 3260 suarum
697 3211 916 3277 procuratores
937 3207 967 3262 in
988 3207 1064 3264 locis
1086 3205 1248 3280 oportunis
1267 3205 1410 3280 designa-

555 3290 649 3355 verat,
664 3300 735 3340 cum
750 3286 862 3358 quibus
882 3285 1156 3345 administrationis
1167 3286 1312 3342 rationes
1332 3303 1409 3342 nun-

555 3381 647 3437 quam
667 3364 870 3436 subducebat,
890 3383 944 3422 seu
963 3373 1067 3424 certus
1087 3365 1270 3441 integritatis
1291 3383 1409 3436 eorum,

555 3462 609 3501 seu
629 3445 741 3501 timens
761 3446 886 3520 cognita
906 3444 1013 3504 fraude
1033 3446 1218 3504 destinatam
1238 3446 1296 3502 sibi
1316 3446 1407 3502 animi

553 3542 663 3598 pacem
684 3525 864 3597 inquietare.
884 3526 961 3584 lllud
982 3534 1101 3584 certum
1120 3533 1176 3597 est,
1195 3526 1295 3599 ipsum
1316 3543 1408 3599 saepe

554 3622 702 3678 usurpare
729 3605 853 3662 solitum
877 3605 1050 3663 <dictum>
1074 3624 1190 3677 eorum,
1216 3606 1266 3678 qui
1287 3605 1327 3662 de
1346 3605 1407 3663 fide

553 3685 769 3758 procuratoris·
788 3685 966 3761 dubitarent
985 3693 1038 3743 aut
1058 3686 1260 3760 inquirerent:
1281 3685 1337 3742 etsi
1357 3703 1405 3742 res

553 3767 687 3823 maxime
695 3766 796 3823 salvae
805 3773 885 3837 sunt,
893 3772 997 3824 tamen
1006 3768 1140 3824 animum
1151 3783 1218 3823 esse
1227 3766 1405 3839 inquietum.

552 3844 613 3901 Sed
627 3845 713 3918 quod
728 3846 830 3902 mirari
846 3845 948 3917 libeat,
963 3864 1033 3904 cum
1046 3845 1120 3903 foris
1142 3847 1171 3903 in
1194 3846 1296 3916 rebus,
1315 3847 1406 3903 etiam

553 3926 631 3982 caris
643 3932 675 3982 et
687 3927 815 4001 magniS,
822 3927 1076 3999 procuratoribus
1084 3945 1183 4000 usque
1192 3925 1231 3983 ad
1240 3925 1406 4002 neglegen-

552 4005 626 4061 tiam
641 4005 793 4077 crederet,
806 4006 890 4063 domi
907 4007 1134 4064 exactissimam
1149 4007 1300 4064 rationem
1315 4006 1406 4064 habe-

553 4085 606 4141 bat
620 4086 763 4144 minimae
778 4104 814 4144 ac
829 4087 896 4143 vilis
912 4087 1061 4160 cuiusque
1075 4086 1130 4158 rei,
1145 4087 1260 4160 quippe
1275 4087 1327 4160 qui
1342 4086 1405 4160 ple·

552 4182 681 4238 rumque
697 4183 764 4238 ova,
779 4167 918 4224 caseolos
931 4174 962 4225 et
972 4185 1065 4241 poma
1076 4174 1242 4240 ceteraque
1254 4165 1404 4224 eiusmodi
