3240 5478
970 747 1046 798 FOL.
1065 749 1155 798 XXVI

298 977 361 1016 esse
376 959 506 1031 facinus,
521 960 546 1017 si
561 959 592 1016 in
608 959 756 1018 saeculari
771 959 879 1017 militia
894 961 1039 1019 obeunda
1050 961 1154 1019 delec-

297 1047 344 1096 tus
359 1040 518 1111 habeatur,
540 1039 580 1097 ad
602 1039 792 1115 spiritualem
815 1058 890 1098 vero
912 1047 1039 1113 temere,
1059 1048 1154 1117 prout

297 1138 363 1177 sese
378 1121 511 1193 quisque
531 1121 703 1197 ingesserit,
724 1120 911 1179 admittatur.
926 1120 1121 1196 Multumque
1135 1140 1153 1180 a

296 1201 425 1274 pristina
439 1201 600 1258 maiestate
620 1201 828 1276 degenerasse
843 1201 1053 1259 sacerdotium
1068 1202 1152 1260 dice-

296 1282 358 1338 bat:
375 1280 534 1354 quondam
550 1283 632 1338 enim
643 1281 738 1338 fuisse
749 1282 870 1338 virtutis
886 1289 1101 1342 ornamentum
1117 1299 1153 1341 ac

295 1361 476 1434 praemium,
491 1379 574 1419 nunc
589 1379 664 1419 vero
680 1362 864 1420 miserorum
879 1379 948 1420 esse
963 1362 1155 1439 confugium,

296 1442 410 1515 quippe
425 1458 512 1499 raros
527 1441 603 1499 illud
616 1448 734 1516 petere,
755 1443 814 1498 nisi
829 1442 881 1515 qui
897 1449 949 1500 aut
965 1443 1154 1518 ignominiae

295 1521 518 1596 turpitudinem
537 1528 590 1580 aut
609 1523 654 1578 sui
676 1523 799 1598 generis
814 1521 940 1580 sordem
955 1524 1012 1581 sub
1029 1523 1097 1596 ipso
1112 1523 1155 1580 la-

295 1608 359 1659 tere
373 1601 489 1659 vellent
504 1610 556 1660 aut
568 1602 640 1660 inde
652 1603 774 1678 urgenti
797 1619 852 1660 eos
864 1603 993 1679 egestati
1006 1604 1154 1662 succurri.

293 1681 455 1739 Laudabat
469 1700 544 1740 vero
560 1683 758 1756 antiquorum
775 1683 957 1755 institutum,
970 1685 1153 1758 praesertim

292 1761 519 1835 Hebraeorum,
527 1762 613 1835 quod
624 1762 752 1820 eosdem
764 1763 929 1837 pontifices
937 1781 1091 1840 regesque
1102 1765 1155 1822 ha-

295 1843 439 1901 buissent.
459 1841 541 1900 Nihil
563 1843 646 1900 enim
666 1843 850 1917 pontificatu
868 1844 967 1901 maius
985 1862 1055 1901 esse
1074 1845 1154 1902 inter

293 1922 393 1980 Deum
408 1929 502 1996 atque
517 1923 658 1981 homines
674 1930 705 1980 et
719 1923 851 1997 proinde
865 1923 990 1981 nonnisi
1005 1931 1058 1982 aut
1072 1943 1154 1982 surn-

294 2021 361 2060 mae
376 2004 481 2060 virtuti
496 2010 548 2060 aut
563 2021 702 2061 summae
716 2003 869 2062 nobilitati
884 2004 1153 2062 committendum.

293 2081 476 2160 Contigerat
490 2083 657 2156 aliquando
677 2084 794 2142 amicos
814 2084 983 2142 extorsisse
1003 2086 1041 2143 ab
1057 2103 1105 2156 eu,
1119 2092 1153 2142 ut

293 2170 493 2222 consecraret
512 2163 551 2222 ad
571 2164 780 2222 sacerdotium
800 2163 910 2221 rudem
930 2165 1107 2239 quempiam
1122 2172 1154 2223 et

294 2245 421 2302 omnino
436 2245 567 2320 agrestis
582 2245 707 2321 ingenii,
721 2244 809 2302 cuius
820 2245 864 2300 rei
875 2245 1067 2318 poenitentia
1079 2244 1154 2303 duc·

292 2329 343 2380 tus
357 2329 468 2398 postea
482 2325 640 2382 hominem
655 2325 774 2398 recepit
788 2325 820 2380 in
834 2323 963 2380 domum
978 2342 1014 2382 ac
1029 2325 1153 2382 erudire

291 2405 512 2476 perseveravit,
539 2403 642 2462 donec
662 2403 829 2462 commode
848 2404 1024 2462 sacrificare
1045 2412 1154 2479 posset

291 2484 474 2558 reliquaque
499 2485 670 2543 sacerdotis
697 2502 825 2542 munera
851 2484 947 2542 obire.
977 2485 1025 2542 Ne
1049 2492 1153 2543 tamen

288 2564 370 2622 rude
390 2565 559 2641 ingenium,
583 2565 711 2623 remissa
730 2564 903 2639 disciplina,
927 2566 957 2621 in
983 2566 1153 2623 naturalem

289 2651 453 2719 stuporem
474 2645 628 2703 recideret
646 2645 852 2720 ebrietatique
874 2662 909 2702 ac
930 2646 1042 2702 ceteris
1066 2646 1153 2702 malis

289 2725 409 2782 artibus
424 2726 673 2800 semanciparet,
693 2724 776 2799 apud
797 2743 830 2783 se
845 2727 972 2782 retinuit
986 2734 1026 2797 et,
1048 2725 1152 2798 quoad

287 2805 377 2876 vixit,
386 2806 626 2864 humanaevitae
639 2806 925 2864 omnianecessaria
936 2806 978 2862 illi
990 2806 1154 2864 affluenter

289 2884 454 2960 impendit,
476 2892 624 2959 tanquam
639 2886 671 2942 in
685 2903 723 2944 eo
739 2885 906 2944 nutriendo
922 2885 1063 2958 quotidie
1077 2904 1154 2960 pen-

285 2964 381 3023 deret
396 2967 511 3023 erroris
526 2966 573 3023 sui
587 2983 715 3040 poenas

289 3061 433 3164 XLII
466 3045 515 3103 lus
526 3064 597 3104 raro
606 3047 664 3104 nisi
676 3064 733 3120 per
743 3046 891 3103 vicarium
903 3045 987 3103 dixit.
997 3045 1075 3104 Cum
1088 3047 1154 3121 ipse

439 3142 450 3165 ·
468 3126 627 3199 iudicaret,
635 3127 757 3184 nonnisi
766 3143 830 3197 eos,
842 3126 881 3184 ad
893 3144 973 3201 quos
984 3128 1154 3202 negotium,

285 3205 332 3262 de
347 3222 410 3279 quo
426 3207 585 3283 agebatur,
599 3207 785 3281 pertinebat,
799 3206 884 3280 loqui
899 3207 1075 3280 patiebatur
1090 3214 1151 3265 sta-

285 3286 411 3359 timque
426 3293 479 3344 aut
493 3293 597 3361 partes
617 3288 698 3344 inter
716 3305 750 3344 se
765 3287 985 3360 componebat,
1004 3295 1056 3345 aut
1075 3287 1151 3361 quid

287 3365 358 3440 ipse
374 3368 504 3425 sentiret
513 3367 744 3442 pronuntiabat.
758 3366 870 3424 Modus
883 3373 995 3439 autem,
1005 3385 1062 3442 per
1073 3385 1153 3441 quos

284 3447 340 3521 agi
356 3448 587 3505 controversias
603 3447 776 3505 institutum
790 3453 847 3518 est,
869 3447 1024 3507 interdum
1039 3447 1154 3522 decep-

285 3527 394 3584 tiones
402 3527 587 3602 appellabat,
597 3527 753 3585 interdum
765 3528 975 3586 immunitates
987 3529 1018 3585 in
1029 3529 1097 3601 ipso
1109 3529 1154 3583 iu-

286 3605 375 3664 <licio
395 3606 599 3666 latrocinandi
619 3607 836 3681 spoliandique
850 3607 1003 3679 homines;
1023 3606 1167 3665 causidi.

285 3703 347 3744 cos
362 3693 466 3746 autem
482 3705 600 3760 omnes,
614 3693 761 3761 tanquam
773 3688 906 3745 iustitiae
920 3688 1152 3761 perturbatores

283 3783 454 3841 genusque
467 3769 626 3828 hominum
638 3768 943 3841 perniciosissimum,
955 3769 985 3824 in
997 3774 1152 3824 extremas

288 3847 408 3904 insulas
417 3847 638 3922 deportandos.
647 3846 914 3921 Conquerebatur,
923 3846 1006 3920 quod
1015 3864 1077 3904 non
1089 3854 1152 3904 tam

285 3925 383 3998 facili,
399 3945 492 4000 quam
506 3928 608 4000 vellet,
623 3929 680 3986 sibi
697 3947 765 3985 esse
781 3927 887 3985 liceret
902 3929 933 3984 in
944 3926 1151 3992 dissolvendis

284 4008 496 4065 matrimoniis
508 4008 641 4080 illorum,
652 4009 764 4082 quibus
776 4025 839 4065 non
851 4007 931 4064 bene
943 4009 1022 4064 inter
1033 4026 1067 4064 se
1078 4025 1153 4065 con-

280 4088 421 4157 veniret,
431 4089 622 4162 nimiumque
631 4105 756 4146 severos
766 4106 834 4145 esse
842 4104 978 4144 canones
990 4105 1026 4144 ea
1039 4089 1068 4144 in
1081 4105 1153 4145 cau-
