3240 5478
1010 806 1087 857 FOL.
1106 806 1158 856 VII

297 878 342 893 Μ

298 1020 391 1078 dubio
406 1039 554 1077 censeam.
574 1020 613 1076 In
627 1039 687 1096 quo
701 1018 826 1096 quidem
841 1019 903 1076 loco
912 1027 972 1095 pro
987 1018 1115 1076 caducis
1129 1027 1160 1075 et

298 1101 519 1157 momentaneis
537 1099 733 1176 quibusdam,
755 1119 885 1176 quornm
897 1103 1054 1177 fortunae
1073 1099 1157 1156 beni-

294 1181 402 1254 gnitas
417 1200 506 1237 nsum
512 1189 611 1258 penes
621 1200 669 1236 me
679 1181 889 1249 collocaverat,
905 1199 942 1236 ea
954 1187 1065 1237 nactus
1077 1199 1155 1248 sum,

297 1280 379 1338 quae
393 1260 482 1317 nulla
497 1261 553 1329 vis,
570 1261 660 1318 nulla
673 1260 811 1317 bumana
827 1260 997 1317 auctoritas
1010 1259 1088 1317 milri
1100 1280 1157 1317 au-

288 1345 385 1418 ferre
392 1340 514 1418 poterit.
529 1342 663 1413 Possem,
677 1341 862 1398 suavissime
875 1339 1043 1418 Aruolplte,
1059 1341 1156 1398 multa

297 1422 518 1498 etpraeclara,
535 1429 597 1478 tam
612 1421 646 1478 in
660 1420 779 1478 divinis
792 1440 887 1498 qnam
902 1421 935 1477 in
950 1419 1096 1478 burnonis
1110 1440 1157 1478 re-

298 1501 364 1571 bus,
380 1501 437 1559 tibi
449 1521 616 1571 recensere,
630 1519 713 1578 quae
723 1501 824 1559 nescio
835 1501 988 1558 durinsne
997 1500 1157 1577 mibifue-

298 1582 342 1639 rit
358 1582 519 1650 didicisse,
540 1601 635 1658 quam
657 1582 827 1639 iucundius
848 1581 887 1639 ab
906 1582 1080 1658 eloquentia
1101 1580 1158 1638 bu-

297 1663 347 1719 ius
368 1661 433 1720 viri
451 1662 609 1738 disputari
630 1662 764 1720 audisse.
783 1661 934 1719 Mirabile
952 1669 999 1718 est
1017 1662 1098 1718 enim
1119 1681 1157 1719 ac

290 1743 510 1819 propemodum
530 1742 672 1802 divinum
693 1742 844 1819 quiddam
864 1742 988 1810 intueri,
1006 1749 1155 1818 quantum

298 1823 390 1880 etiam
412 1842 452 1880 ex
470 1829 601 1899 tempore
621 1829 652 1880 et
670 1823 703 1879 iu
721 1822 886 1880 domestica
905 1821 1157 1899 confabulatione

297 1902 458 1976 ingenium
473 1902 572 1980 ipsius
586 1903 619 1960 in
632 1901 826 1960 abditissima
837 1921 983 1960 sensuum
995 1910 1027 1959 et
1035 1921 1156 1960 arcana

297 2001 401 2040 rernm
422 1983 577 2040 altissima
591 1990 740 2060 penetrat
756 1990 848 2059 atque
867 1983 1013 2040 ascendit.
1042 1983 1108 2040 Sed
1123 1990 1159 2040 nt

296 2082 405 2121 severa
420 2063 478 2120 illa
494 2063 658 2137 etgravia,
681 2063 726 2120 ita
746 2063 861 2137 legenti
878 2063 935 2120 tibi
952 2062 1036 2120 nihil
1052 2063 1157 2140 volup-

298 2143 372 2200 tatis
387 2143 537 2200 allatura.
553 2143 597 2200 Et
599 2143 742 2220 proinde,
758 2163 826 2200 cnm
842 2151 870 2200 te
884 2144 917 2200 in
926 2150 1050 2220 partem
1061 2142 1156 2200 nutus

297 2238 387 2281 meae
402 2242 470 2281 cnm
490 2223 580 2280 libris
601 2223 862 2281 reconciliationis
879 2242 992 2281 vocare
1006 2223 1156 2280 instituis-

297 2322 369 2372 sem,
382 2304 552 2380 vellemqne
562 2305 651 2379 apud
659 2311 687 2361 te
696 2304 805 2362 saltem
817 2311 958 2361 testatum
970 2304 1154 2381 relinquere,

297 2391 448 2460 quantum
459 2384 633 2461 sapientiae
644 2403 682 2441 ac
692 2385 852 2442 doctrinae
862 2384 956 2442 lanius
965 2385 1080 2442 summi
1092 2385 1157 2442 viri

297 2463 423 2521 debeam
440 2483 500 2521 non
516 2465 649 2540 eoquod
664 2463 703 2521 ab
723 2465 849 2522 insidiis
867 2465 1089 2522 malitiosorum
1105 2464 1156 2522 bo-

297 2545 415 2601 minum
434 2564 482 2601 me
500 2543 692 2613 liberaverit,
712 2546 771 2602 sed
787 2546 872 2621 quod
888 2545 927 2601 ab
947 2552 1053 2613 mente,
1073 2545 1159 2620 quod

299 2623 337 2682 ab
349 2624 473 2698 ingenio
481 2624 650 2698 robiginem
662 2624 750 2682 illam
761 2624 911 2693 abstersit,
922 2644 1004 2700 qnae
1016 2625 1154 2682 aninmm

298 2723 397 2762 cneum
413 2705 458 2762 ita
473 2704 676 2778 caligaverat,
696 2712 733 2762 ut
748 2705 904 2762 molestius
914 2709 1040 2781 ferrem
1061 2724 1081 2762 a
1094 2713 1155 2780 pa-

298 2785 369 2854 tria,
384 2803 479 2862 qnam
495 2805 515 2842 a
529 2785 697 2843 virtutibus
710 2787 969 2843 exsulare—nec
981 2785 1154 2861 quidquam

298 2865 469 2922 invenirem
478 2884 517 2922 ex
524 2865 791 2941 disputationibus,
800 2885 882 2942 quae
878 2869 1067 2941 frequentes
1074 2864 1156 2922 inter

298 2948 466 3022 uosfuere,
481 2946 567 3021 quod
577 2952 606 3002 te
620 2953 651 3002 et
662 2953 763 3003 aetate
776 2953 831 3003 tua
846 2946 976 3019 dignum
991 2963 1153 3014 censerem,

298 3026 411 3102 qnippe
420 3025 506 3102 quod
512 3027 617 3083 omnia
629 3026 742 3096 ardna,
757 3026 908 3103 difficilia
921 3032 1056 3101 etsupra
1070 3026 1155 3100 inge-

299 3104 386 3163 nium
411 3112 548 3162 nostrum
572 3106 754 3163 excellentia
777 3125 816 3163 ex
834 3125 886 3162 ore
909 3106 990 3164 tanti
1009 3107 1074 3163 viri
1090 3113 1154 3164 tum

291 3193 419 3262 propter
432 3192 571 3255 aetatem,
591 3193 654 3243 tum
664 3194 792 3262 propter
804 3186 976 3243 doctrinam
996 3193 1155 3244 emanant:

299 3265 436 3324 converti
455 3266 557 3323 oculos
577 3267 624 3323 ad
634 3267 848 3344 particulares
861 3266 1155 3324 exercitatiunculas

298 3365 383 3403 meas
393 3353 425 3402 et
436 3346 518 3403 inter
532 3346 599 3403 alia
614 3347 683 3404 vidi
696 3347 864 3404 nonnullas
878 3346 1003 3420 elegias,
1017 3365 1097 3423 quas
1112 3347 1158 3404 ad

298 3433 460 3487 Fanniam
465 3433 696 3488 Soeutocliam¹
708 3426 763 3484 boc
774 3446 855 3484 anno
859 3426 1033 3504 perscripsi
1042 3446 1155 3503 easque

299 3505 332 3563 iu
348 3524 444 3563 unum
456 3506 566 3580 collegi
578 3513 610 3562 et
618 3507 664 3563 ad
672 3514 700 3563 te
711 3508 802 3564 mitto.
817 3507 898 3565 Fuit
905 3507 986 3564 enim
999 3507 1067 3582 ipsa
1078 3506 1156 3564 mibi

297 3586 441 3643 solatium
454 3606 492 3644 ac
503 3586 656 3644 relaxatio
666 3588 821 3663 quaedam
834 3587 942 3658 animi,
956 3587 1095 3662 quotiens
1105 3587 1157 3644 vel

294 3666 440 3740 gravitas
460 3666 514 3725 vel
530 3667 708 3743 difficultas
728 3687 842 3736 rerum,
863 3686 945 3744 quae
964 3687 984 3724 a
998 3667 1153 3744 sapientia

298 3745 392 3804 liuius
402 3746 467 3805 viri
479 3747 512 3803 in
528 3747 595 3804 dies
609 3747 713 3816 audio,
728 3767 776 3804 me
789 3747 1011 3825 oppressisset«.

253 3929 255 3936 Α
301 3861 476 3920 Scribebam
497 3861 674 3932 Cracoviae,
697 3882 800 3920 meuse
813 3863 965 3921 Ianuario
980 3881 1030 3920 an.
1046 3861 1152 3921 MCM

336 4083 346 4114 ¹
363 4086 421 4137 Has
432 4088 522 4152 elegias
533 4103 590 4137 cum
602 4089 705 4152 reliqws
717 4089 870 4137 carminibus
884 4088 1034 4136 Callimachi
1038 4088 1154 4153 proximo

299 4165 402 4224 tempore
413 4175 468 4207 snm
480 4159 601 4208 editurus.
