3240 5478
557 771 757 822 GREGORIUS
775 769 965 823 SANOCEUS.

555 986 697 1044 doctrina
709 991 740 1042 et
750 985 831 1044 vitae
843 1002 879 1042 ac
888 1001 1010 1042 morum
1019 981 1310 1060 elegantialoannes
1322 979 1410 1052 Gara,

556 1067 609 1140 qui
627 1072 738 1141 postea
763 1066 874 1124 merito
899 1064 1064 1121 translatus
1089 1069 1137 1121 est
1155 1061 1194 1120 ad
1214 1061 1411 1136 metropolim

557 1147 810 1223 strigoniensem.
836 1144 863 1203 Is
884 1145 1029 1203 omnibus
1049 1143 1151 1202 modis
1172 1143 1296 1200 allicere
1318 1142 1358 1199 ad
1378 1159 1411 1198 se

556 1227 740 1303 Gregorium
756 1225 909 1297 studebat,
924 1225 980 1283 sed
995 1243 1059 1283 non
1073 1225 1158 1298 prius
1173 1223 1204 1282 id
1220 1223 1342 1296 assequi
1357 1240 1412 1296 po·

555 1308 623 1378 tuit,
637 1325 730 1381 quam
744 1306 945 1383 gubernatori
956 1305 1160 1380 persuasisset
1171 1302 1367 1362 commodius
1378 1301 1412 1359 fi-

556 1389 615 1446 lios
634 1386 750 1445 erudiri
773 1405 867 1461 posse
886 1404 943 1460 per
962 1386 1119 1443 hominem
1143 1385 1261 1458 patriae
1280 1383 1411 1458 linguae,

556 1487 650 1543 quam
665 1486 682 1525 a
696 1468 872 1543 peregrino.
885 1467 999 1524 Factus
1015 1467 1118 1540 itaque
1133 1465 1275 1540 Gregorii
1289 1470 1411 1538 potens,

556 1555 679 1623 praeter
697 1547 756 1605 alia
774 1565 911 1619 munera,
932 1547 1044 1621 quibus
1062 1545 1291 1620 propemodum
1312 1544 1410 1618 ipsum

556 1629 673 1700 ditavit,
699 1629 847 1686 offerente
866 1646 899 1686 se
919 1627 1085 1685 occasione
1105 1626 1176 1684 ilico
1196 1625 1226 1682 in
1246 1624 1410 1700 collegium

556 1710 778 1767 canonicorum
793 1725 920 1765 suorum
935 1707 1067 1778 admisit,
1086 1713 1120 1764 ut
1135 1725 1198 1766 non
1213 1705 1314 1763 salum
1328 1721 1412 1762 com-

556 1790 658 1861 mode,
670 1789 726 1847 sed
734 1807 805 1847 cum
814 1789 915 1862 aliqua
923 1788 1015 1845 etiam
1023 1787 1174 1864 dignitate
1182 1785 1265 1861 apud
1277 1805 1311 1842 se
1322 1791 1410 1842 esset.

555 1870 678 1928 Exinde
686 1888 808 1943 semper
819 1869 1018 1926 consiliorum
1030 1867 1211 1941 participem
1227 1865 1411 1924 studiorum·
1464 1907 1466 1911 -

556 1969 618 2024 que
633 1951 752 2008 socium
764 1956 796 2007 et
806 1949 980 2007 adiutorem
991 1949 1110 2021 habuit;
1126 1947 1268 2021 adeoque
1280 1945 1410 2004 hominis

557 2030 683 2107 ingenio
698 2037 729 2088 et
744 2031 881 2088 moribus
897 2029 1117 2100 delectabatur,
1132 2026 1218 2103 quod
1232 2044 1297 2084 non
1312 2025 1408 2083 solum

557 2130 695 2168 mensam
711 2110 766 2169 sed
781 2110 956 2168 cubiculum
972 2127 1098 2183 quoque
1110 2108 1219 2166 fecerit
1232 2107 1260 2165 ei
1276 2125 1411 2165 commu-

557 2211 605 2250 ne.
621 2191 790 2267 Gregorius
813 2191 878 2264 ipse
894 2190 996 2256 statim
1012 2190 1149 2247 omnium
1164 2188 1354 2263 collegarum
1369 2186 1383 2243 f
1398 2218 1410 2228 -

557 2289 648 2329 vores
660 2271 750 2329 solita
761 2271 875 2346 ingenii
884 2270 1069 2328 dexteritate
1081 2269 1260 2344 promeruit.
1273 2267 1409 2342 Quorum

557 2352 734 2423 nonnulloS,
759 2357 853 2425 prout
872 2351 935 2407 vita
961 2351 1177 2421 excessissent,
1199 2349 1340 2407 oratione
1360 2352 1411 2404 aut

557 2432 713 2506 epitaphio
725 2432 895 2489 exornavit.
910 2431 1068 2505 Episcopo
1079 2447 1154 2488 vero
1167 2431 1208 2487 ita
1219 2430 1410 2502 obtempera-

558 2513 620 2584 bat,
634 2520 669 2570 ut
681 2511 787 2570 <ille>
800 2512 880 2569 inter
894 2529 943 2568 res
958 2512 1092 2568 maxime
1111 2509 1256 2568 adversas
1272 2526 1409 2566 numera-

557 2594 636 2650 verit
650 2599 759 2666 postea
773 2591 916 2668 Gregorii
930 2592 969 2650 ab
985 2609 1018 2648 se
1033 2591 1268 2665 separationem.

558 2689 681 2791 XVI
724 2668 1410 2745 Erantibieodemtemporeduovirieruditis-

686 2769 697 2791 ·
725 2753 802 2824 simi,
814 2752 925 2810 Paulus
933 2752 1100 2828 Vergerius
1110 2758 1140 2809 et
1148 2748 1410 2825 PhilippusPodo-

558 2833 731 2904 chatherus,
742 2834 794 2906 qui
808 2834 848 2891 ob
860 2833 1014 2891 diversam
1027 2829 1346 2890 necessitatem-ille
1356 2829 1411 2886 lta-

557 2913 607 2983 lia,
618 2914 676 2970 iste
688 2911 792 2986 Cypro
804 2913 911 2971 relicta
922 2946 960 2954 —-
973 2913 1170 2970 contulerant
1181 2929 1214 2968 se
1226 2909 1266 2968 ad
1278 2909 1409 2968 eundem

558 2994 851 3067 episcopumveluti
863 2993 903 3062 ad
915 2993 1095 3068 coniugium
1107 2993 1261 3050 bonorum
1275 2990 1410 3047 omnium

559 3091 595 3131 ac
608 3073 812 3131 litteratorum
831 3073 958 3147 asylum,
977 3074 1121 3146 quotiens
1141 3069 1298 3130 calamitas
1311 3069 1411 3143 aliqua

559 3155 732 3228 ingruisset.
757 3154 814 3210 His
834 3153 934 3212 studia
952 3159 983 3210 et
1002 3171 1123 3212 morum
1139 3150 1307 3209 similitudo
1323 3149 1410 3208 facile
1480 3181 1482 3186 ·

557 3232 741 3309 Gregorium
760 3233 931 3305 coniunxit,
952 3233 1109 3306 valuitque
1127 3231 1167 3289 ad
1185 3229 1411 3289 conciliandam

557 3313 721 3370 amicitiam
738 3315 768 3371 in
783 3320 868 3370 tanta
883 3314 1043 3371 nationum
1055 3313 1233 3371 diversitate
1244 3311 1328 3369 idem
1339 3328 1413 3386 erga

558 3395 655 3451 bonas
670 3394 848 3467 disciplinas
863 3394 998 3452 affectus.
1019 3393 1080 3450 Sed
1096 3393 1235 3466 quamvis
1252 3392 1282 3448 in
1298 3391 1342 3448 eis
1358 3408 1413 3464 par

557 3474 700 3532 doctrina
707 3481 797 3544 esset,
807 3492 869 3531 non
878 3473 987 3532 eadem
996 3473 1152 3531 scribendi
1160 3473 1238 3530 ratio
1250 3478 1328 3529 erat:
1341 3488 1412 3528 nam

556 3554 667 3611 Paulus
682 3554 807 3627 quidem
824 3555 963 3611 oratione
978 3554 1143 3628 plurimum
1156 3553 1286 3623 valebat,
1301 3551 1413 3624 Philip-

555 3653 613 3708 pus
625 3634 792 3710 pangendo
804 3635 931 3691 carmini
944 3640 1009 3694 erat
1020 3633 1294 3710 accommodatior.
1305 3632 1412 3705 ltaque

557 3714 751 3790 Gregorium,
771 3715 823 3786 qui
844 3715 965 3788 utrique
986 3715 1092 3790 generi
1113 3713 1269 3771 scribendi
1289 3731 1323 3769 se
1338 3729 1413 3770 con-

558 3793 1412 3868 formarestudebat,proutcuiusqueserebatingenium,

558 3875 635 3932 alter
648 3875 817 3945 versiculis,
831 3874 909 3932 alter
921 3875 1060 3932 oratione
1071 3874 1271 3948 provocabat.
1285 3871 1413 3930 Exerci-

557 3956 709 4013 tationum
720 3973 795 4012 vero
808 3956 945 4028 ipsorum
957 3953 1051 4012 iudex
1059 3955 1229 4013 accedebat
1236 3954 1411 4027 episcopus

558 4035 613 4092 sed
628 4042 659 4092 et
674 4037 857 4109 plerumque
873 4035 938 4108 ipse
953 4035 1080 4092 alicuius
1095 4043 1199 4108 partes
1214 4033 1410 4107 suscipiebat,

558 4115 731 4189 eodemque
746 4134 862 4192 genere
873 4116 1102 4173 exercitationis
1115 4116 1272 4192 ingenium
1288 4113 1414 4172 excole-¹

767 4203 776 4230 t
