3240 5478
916 827 993 878 FOL.
1012 827 1076 878 XIV

215 1059 304 1161 XI·
321 1041 400 1100 Nam
417 1059 489 1100 cum
504 1040 544 1099 de
556 1041 695 1100 secunda
712 1041 913 1116 expeditione
932 1039 1076 1100 ducenda

323 1123 576 1182 ambitiosissime
595 1122 678 1197 apud
697 1140 804 1198 regem
824 1128 939 1198 ageret,
957 1121 1078 1180 videre-

215 1210 329 1278 turque
348 1221 405 1260 rex
429 1221 514 1260 arma
536 1203 648 1260 iterum
668 1208 856 1277 sumpturus,
879 1203 904 1259 si
924 1202 1075 1278 religione

215 1285 390 1358 promissae
415 1283 489 1342 fidei
516 1283 697 1355 solveretur,
722 1283 752 1339 in
772 1301 834 1357 qua
853 1301 887 1340 re
906 1282 1075 1358 Gregorius
1103 1329 1105 1338 ,

216 1363 443 1422 inexorabilem
458 1381 492 1421 se
508 1363 687 1438 praebebat,
709 1369 741 1420 et
755 1365 820 1439 regi
836 1363 966 1420 aliorum
981 1363 1077 1420 sacili-

215 1451 262 1502 tas
271 1451 418 1518 suspecta
429 1451 504 1516 erat,
512 1461 576 1501 non
589 1443 792 1501 dissimulavit
804 1443 931 1501 ulterius
942 1443 1075 1500 lulianus

216 1524 407 1582 iracundiam
420 1524 569 1582 adversus
580 1523 775 1600 Gregorium,
790 1523 846 1581 sed
856 1524 959 1597 palam
970 1542 1077 1597 super-

216 1605 372 1662 stitiosum
392 1605 559 1676 hominem,
583 1622 748 1678 rerumque
768 1604 942 1662 divinarum
961 1604 1076 1678 impru-

216 1684 343 1743 dentem
358 1702 395 1742 ac
410 1684 520 1743 rudem
532 1684 637 1742 dicere
649 1685 774 1758 incepit,
789 1683 829 1742 ad
841 1691 1014 1742 extremum
1029 1702 1077 1742 re-

216 1765 341 1841 ligionis
357 1766 525 1836 inimicum,
545 1766 632 1839 quasi
654 1771 737 1822 esset
752 1764 985 1839 impedimento,
999 1782 1076 1838 quo-

216 1847 318 1903 minus
334 1846 419 1920 impii
434 1845 621 1903 delerentur.
636 1844 703 1902 Nec
714 1844 842 1903 defuere
854 1845 956 1902 minae
970 1846 1077 1903 vincu-

216 1926 317 1984 lorum
332 1932 365 1983 et
379 1927 522 1998 carceris,
538 1927 562 1982 si
574 1925 688 1983 diutius
701 1927 731 1982 in
743 1925 925 1983 difficultate
932 1943 1077 2000 perseve-

216 2013 306 2064 raret.
319 2005 382 2064 Sed
393 2024 495 2081 neque
504 2007 678 2064 auctoritati
688 2007 782 2080 ipsius
792 2023 893 2079 neque
901 2007 991 2062 minis
1000 2005 1076 2063 Gre-

216 2086 322 2162 gorius
330 2087 432 2160 primo
438 2085 579 2145 cedebat.
586 2086 696 2159 Sed,ut
705 2085 973 2162 nonobligandam
980 2085 1075 2143 fidem

219 2166 368 2239 barbariS,
384 2168 434 2239 ita,
445 2167 497 2225 ubi
510 2167 647 2242 obligata
658 2173 750 2238 esset,
762 2165 945 2224 servandam
957 2166 1075 2239 dicere;

217 2248 414 2305 sanctitatem
425 2247 588 2305 foederum
599 2263 663 2304 non
675 2247 777 2304 verbis
789 2248 844 2304 sed
857 2247 1075 2321 accipientium

216 2328 389 2385 intentione
406 2334 563 2400 constare;
585 2327 625 2384 ad
645 2327 747 2385 civilia
767 2327 894 2402 negotia
908 2328 1074 2385 verborum

216 2409 393 2465 cautionem
404 2409 570 2482 pertinere,
585 2425 648 2466 non
661 2407 700 2465 ad
712 2407 907 2482 religionem,
923 2426 987 2464 non
1002 2425 1077 2480 qua-

216 2488 286 2545 liter
296 2487 413 2559 datum,
424 2487 480 2545 sed
491 2506 553 2561 qua
564 2495 668 2545 mente
679 2495 843 2561 acceptum
855 2487 965 2545 foedus
977 2494 1076 2545 atten-

217 2567 368 2641 dendum;
384 2569 501 2625 nullum
516 2567 621 2625 dolum
633 2568 734 2625 Deum
745 2569 888 2641 probare,
899 2569 1076 2625 affuturum-

218 2667 278 2722 que
290 2648 358 2720 illis,
370 2649 421 2722 qui
434 2649 528 2706 fidem
541 2647 719 2706 coluissent.
728 2647 790 2706 Sed
798 2649 997 2705 cumvideret
1004 2666 1076 2722 pae-

217 2746 256 2785 ne
271 2747 380 2786 omnes
400 2729 431 2785 in
450 2730 635 2786 sententiam
650 2729 814 2786 cardinalis
837 2730 880 2786 ire
899 2729 1076 2802 nullamque

218 2808 312 2867 fidem
320 2827 389 2866 esse
396 2827 490 2883 posse
500 2810 655 2883 interpios
667 2816 698 2866 et
709 2809 857 2883 profanos
868 2810 983 2883 passim
995 2827 1077 2866 asse-

217 2907 334 2961 verare,
356 2896 387 2947 et
407 2890 467 2946 iam
487 2891 568 2965 regis
589 2907 716 2964 quoque
728 2891 847 2946 animus
867 2889 1076 2960 inclinaretur,

219 2987 236 3026 e
250 2969 355 3027 medio
368 2988 401 3027 se
413 2971 568 3043 surripuit.
583 2969 664 3027 Tum
676 2970 850 3041 cardinalis
863 2977 896 3026 ut
908 2970 1017 3040 aiebat,
1029 2989 1076 3027 se-

218 3049 265 3106 dis
280 3050 472 3123 apostolicae
488 3050 672 3108 auctoritate
687 3068 793 3124 regem
806 3056 944 3107 nontam
958 3051 1077 3106 iurisiu-

218 3130 306 3187 randi
330 3129 482 3206 religione
503 3130 604 3201 solvit,
625 3148 718 3203 quam
740 3131 876 3204 periurio
899 3130 1075 3204 implicavit.

219 3208 364 3268 Ceterum
380 3210 550 3286 Gregorius
567 3212 693 3268 iubente
704 3228 778 3286 rege
791 3211 960 3284 amicisque
975 3210 1006 3269 id
1023 3211 1077 3267 im-

218 3291 344 3364 pensius
353 3289 594 3365 efflagitantibus
602 3297 785 3348 coactusest
793 3290 833 3347 ad
841 3290 978 3348 officium
987 3309 1075 3348 suum

221 3369 332 3428 redire.

218 3467 313 3569 ΧΗ
359 3450 427 3508 Rex
447 3469 521 3508 vero
543 3450 583 3508 ad
602 3469 737 3525 poenam
758 3451 896 3525 pollutae
917 3451 1075 3526 religionis

319 3547 330 3569 ·
362 3531 456 3588 veluti
471 3531 607 3604 quodam
616 3531 1077 3607 satoaccelerans,congregato

220 3612 367 3683 exercitu,
376 3629 469 3684 quam
480 3613 614 3669 maxime
622 3613 723 3685 potuit
735 3629 901 3670 numeroso
910 3612 1077 3668 adiunctis-

220 3692 353 3765 quesibi
368 3691 549 3749 collecticiis
564 3693 672 3766 copiiS,
693 3711 772 3765 quae
794 3693 851 3750 sub
869 3709 962 3750 cruce
981 3692 1076 3767 gratis

220 3772 401 3843 militabant,
416 3791 478 3830 non
490 3772 600 3846 procul
613 3773 651 3829 ab
663 3790 701 3829 eo
713 3773 793 3844 locu,
804 3774 856 3831 ubi
869 3773 979 3830 foedus
990 3773 1075 3845 prius

220 3859 429 3924 percusserat,
448 3852 601 3909 Haemum
626 3854 783 3926 superavit
808 3860 839 3910 et
862 3871 919 3926 per
942 3852 1075 3909 mediam

220 3931 393 4004 Thraciam,
408 3933 447 3989 ad
463 3931 605 3990 dextram
621 3933 782 4005 inclinans,
797 3933 848 3990 ubi
860 3932 900 3991 ad
911 3931 1075 4007 Rodopem

220 4013 372 4085 pervenit,
386 4014 467 4070 inter
480 4012 605 4070 Nissum
616 4013 820 4087 Hebrumque
835 4031 941 4070 amnes
956 4015 1076 4089 magnis

221 4093 380 4151 itineribus
392 4093 432 4151 ad
443 4111 528 4150 mare
538 4094 734 4167 properabat.
745 4094 820 4150 Erat
832 4094 859 4151 ei
871 4094 990 4150 animus
1002 4111 1077 4151 con-

221 4172 368 4248 iungendi
384 4174 489 4248 copias
504 4182 666 4231 terrestres
682 4191 753 4232 cum
768 4174 937 4246 maritimis,
952 4193 1031 4249 quae
1047 4176 1077 4231 in
