3240 5478
850 788 1059 871 FOL'AEQH

207 859 1046 892 ΛΜΛΛΆΙΛΛᾺΜΜΜΝὊἫΝᾺΜΜΝΆΜΛΙΜΝἫἫᾺΛΛΝΨΝΛΝᾺΛΜ
1054 861 1059 868 ι

173 1058 177 1068 .
206 1011 241 1077 ta,
253 1023 316 1063 non
328 1011 465 1076 naturae,
477 1005 615 1062 omnium
627 1004 743 1079 quippe
756 1003 875 1061 initium
887 1004 925 1062 ab
941 1003 1059 1061 eisdem

205 1086 369 1144 seminibus
398 1092 429 1143 et
457 1084 626 1162 generandi
651 1086 804 1142 rationem
833 1085 990 1158 vitamque
1019 1084 1057 1141 ab

206 1166 345 1224 omnibus
367 1167 573 1223 animantibus
589 1184 688 1238 aeque
710 1165 790 1222 tueri
812 1183 848 1222 ac
871 1165 1060 1222 conservari.

204 1264 367 1365 XLVI
401 1247 470 1321 Ipse
485 1247 631 1320 quotiens
651 1265 669 1302 a
684 1245 842 1322 theologia
856 1245 905 1302 vel
921 1244 1059 1320 legendo

374 1344 384 1366 ·
401 1327 452 1384 vel*
466 1325 657 1401 disputando
669 1326 852 1384 descivisset
867 1332 898 1383 et
909 1325 949 1387 ad
961 1325 1062 1399 philo-

204 1407 369 1481 sophorum
391 1408 554 1481 opiniones
575 1425 608 1464 se
623 1408 839 1477 convertisset,
859 1407 889 1463 in
912 1405 967 1476 his,
982 1422 1062 1478 quae

204 1488 319 1546 ethicae
335 1489 477 1559 subsunt,
491 1488 608 1545 stoicos
621 1487 864 1560 amplexabatur.
880 1486 914 1544 In
925 1486 1062 1560 physicis

204 1569 373 1626 rationibus
388 1574 420 1625 et
431 1568 487 1639 his,
502 1584 581 1641 quae
600 1566 696 1626 <ad>
716 1568 810 1625 finem
823 1572 975 1641 spectant,
989 1565 1063 1639 Epi-

203 1665 308 1706 curum
320 1648 523 1723 praeserebat.
535 1649 586 1706 Ex
597 1648 654 1706 illis
667 1665 751 1719 vero,
762 1665 840 1722 quae
853 1647 892 1706 ad
900 1647 1062 1704 confutan-

204 1729 275 1786 dum
287 1729 352 1786 eius
365 1731 420 1786 viri
434 1729 597 1804 opiniones
610 1729 790 1802 conscripta
801 1735 881 1798 sunt,
893 1726 1062 1784 admodum
1121 1761 1124 1766 -

205 1826 300 1883 pauca
312 1810 547 1884 comprobabat,
560 1811 634 1882 quin
649 1810 711 1867 imo
723 1826 820 1866 vanos
833 1808 982 1866 censebat
999 1825 1064 1864 om-

204 1908 266 1962 nes,
282 1891 334 1968 qui
350 1908 387 1948 ea
402 1891 433 1946 in
448 1908 482 1947 re
497 1897 549 1947 aut
563 1889 696 1947 fuissent
715 1896 767 1946 aut
786 1895 891 1946 essent
909 1887 1063 1962 occupati,

205 1971 288 2043 quasi
301 1978 354 2028 aut
365 1971 449 2028 factu
461 1970 551 2029 facile
566 1971 614 2042 sit,
628 1970 712 2043 quod
728 1970 794 2026 eius
810 1970 936 2026 inventa
950 1968 1063 2025 rationi

205 2051 414 2122 adversentur,
436 2058 488 2108 aut
508 2051 727 2122 necessarium,
742 2057 889 2123 tanquam
910 2049 1062 2106 stantibus

204 2133 266 2189 eius
278 2131 498 2190 traditionibus
507 2140 682 2190 ceterorum
691 2138 773 2189 stare
782 2149 846 2187 non
853 2130 983 2204 possint,
992 2147 1063 2186 cum

206 2211 296 2289 longe
312 2229 345 2270 se
361 2213 449 2270 aliter
464 2219 630 2285 utrumque
645 2212 768 2269 habeat:
784 2229 856 2267 nam
867 2211 970 2284 posita
981 2227 1064 2268 mor-

206 2289 1064 2366 talitateanimorumnihilcontraEpicurumesficaxdici

206 2381 255 2430 aut
266 2372 407 2444 inveniri,
419 2373 553 2431 illavero
562 2379 674 2448 negata
683 2390 746 2429 non
755 2379 819 2428 tam
827 2371 981 2429 confutari
994 2389 1063 2427 sen-

206 2455 314 2511 tentias
335 2454 440 2528 ipsius,
455 2453 603 2527 quamde
624 2451 727 2509 medio
748 2452 814 2510 tolli
831 2458 862 2508 et
877 2451 1064 2521 submoveri,

206 2539 351 2609 tanquam
366 2534 449 2602 aliud
465 2541 592 2610 agentes
605 2551 641 2591 ac
653 2533 767 2599 diversi
783 2533 922 2590 instituti.
937 2533 978 2589 Et
991 2548 1064 2605 pro·

207 2614 276 2672 inde
286 2615 427 2688 nequein
437 2632 494 2672 suo
502 2615 665 2689 proposito
677 2612 862 2687 reprehendi
874 2613 958 2670 illurn
968 2629 1063 2686 posse

207 2713 305 2768 neque
317 2694 357 2752 ad
369 2695 502 2752 alienum
514 2693 679 2768 pertinere,
691 2712 770 2766 quae
779 2693 922 2765 senserit;
936 2698 970 2748 ut
981 2691 1063 2748 enim

208 2776 324 2833 animus
345 2793 523 2849 corpusque
545 2775 661 2834 distant
681 2775 761 2830 inter
780 2792 822 2844 se,
845 2774 889 2831 sic
906 2773 1063 2845 utriusque

135 2931 137 2934 v
207 2858 340 2914 rationes
356 2856 488 2927 diflerre,
508 2873 544 2912 ac
564 2853 690 2912 minime
710 2854 858 2929 possibile
878 2871 955 2924 esse,
970 2859 1004 2909 ut
1018 2851 1064 2908 di-

207 2947 313 2995 versae
326 2943 454 2994 naturae
466 2937 536 2993 finis
548 2943 641 3010 atque
655 2936 827 2992 institutum
837 2933 918 2990 idern
927 2935 979 2990 sit:
991 2933 1064 3006 Epi-

209 3033 281 3076 curo
302 3024 404 3075 autem
424 3034 548 3091 corpus,
568 3016 679 3074 ceteris
699 3033 790 3074 curae
810 3015 946 3071 animum
961 3013 1064 3070 fuisse.

208 3114 398 3216 XLVII
433 3096 609 3156 Certamina
630 3096 829 3166 hastatorum,
845 3095 875 3151 in
892 3095 1004 3168 quibus
1019 3094 1065 3150 in-

404 3177 519 3234 ·sestis
535 3178 735 3234 mucronibus
756 3176 963 3245 concurritur,
984 3174 1065 3232 deri-

208 3256 309 3329 debat,
323 3276 423 3332 eaque
434 3259 554 3316 ratione
565 3264 721 3315 certantes
733 3257 843 3330 apibus
855 3255 1065 3330 comparabat,

113 3405 118 3412 ,
208 3356 284 3410 quae
300 3339 442 3396 aculeum
457 3339 572 3396 habent
584 3337 801 3395 tantummodo
814 3337 969 3406 infestum,
984 3341 1066 3393 cete-

209 3418 247 3475 ris
263 3419 407 3477 omnibus
422 3419 556 3476 maxime
571 3417 734 3476 conferant
746 3417 898 3474 humanae
909 3417 997 3474 vitae.
1014 3415 1065 3474 Sic

210 3498 274 3556 iilos
287 3500 381 3556 hastis
390 3517 499 3557 necem
509 3498 679 3569 intendere,
688 3505 826 3556 ceterum
838 3515 931 3568 arma,
942 3514 1065 3570 equum,

209 3579 313 3637 sellam
333 3586 365 3637 et
379 3580 498 3652 reliqua
518 3579 622 3638 omnia
641 3579 686 3636 sic
707 3579 883 3652 disponere,
899 3584 932 3634 ut
947 3575 1065 3632 nullum
1086 3627 1089 3633 .

208 3660 286 3718 vitae
301 3659 474 3734 periculum
489 3659 589 3716 timeri
606 3665 707 3733 queat,
722 3658 883 3734 magisque
898 3657 966 3714 illos
982 3674 1067 3714 com-

209 3740 382 3812 mendabat,
397 3741 448 3814 qui
471 3741 557 3797 iustis
577 3740 671 3797 armis
690 3747 783 3812 atque
804 3756 886 3813 equo
906 3737 945 3794 ad
960 3754 1065 3794 veram

209 3838 344 3898 pugnam
356 3840 389 3878 se
401 3828 558 3878 exercent.
569 3821 629 3877 Ista
637 3821 720 3877 enim
731 3819 932 3877 meditatione
944 3817 1066 3874 discere

208 3903 343 3975 equitem
359 3901 494 3959 insidere
509 3919 622 3974 equum
638 3919 674 3959 ae
690 3901 812 3973 saepius
826 3899 918 3956 ferire
934 3898 1065 3967 hostem,

212 3981 259 4039 illa
274 3982 313 4040 ad
328 3999 434 4039 casum
454 3982 568 4039 erudiri
588 3988 619 4038 et
638 3981 678 4039 ad
693 3981 802 4038 leviter
824 3977 997 4037 feriendum
1012 3976 1065 4034 ad-

210 4064 377 4120 versarium
386 4061 611 4134 insuesei,dum
620 4063 751 4136 quisque
761 4060 934 4118 occurrenti
944 4057 1064 4115 vulneri

212 4144 321 4204 cedere
333 4143 458 4220 cogitat.
470 4142 661 4202 Venationes
673 4142 784 4200 servile
796 4158 873 4216 opus
886 4146 917 4197 et
929 4138 1066 4197 officium
