3240 5478
566 786 1002 874 Quasnam.

1003 859 1420 876 ΛΛΛΛΛΛΛΛΛΛΛΛΛΛΛΛΛΛΛΛΛΛΛΙ

567 1001 623 1058 tari
643 1019 736 1076 posse
756 1001 931 1078 intellegaS,
952 1003 1196 1077 praesertimque
1216 1004 1247 1061 in
1267 1005 1422 1062 servitutis

568 1100 655 1140 meae
670 1081 814 1139 solatiolo
828 1081 946 1140 tuendo
961 1100 998 1140 ac
1012 1083 1235 1160 benignissime
1250 1086 1423 1144 tractando.

566 1161 600 1220 Id
612 1162 704 1234 enim,
718 1162 804 1236 quod
814 1162 973 1220 Fanniella
985 1163 1042 1221 fuit
1054 1163 1085 1220 in
1096 1164 1190 1222 exilio
1201 1183 1282 1237 meo,
1297 1165 1328 1223 id
1340 1183 1422 1224 nunc

568 1249 615 1300 est
629 1243 762 1300 Drusilla
781 1243 813 1300 in
832 1244 980 1301 servitute
988 1247 1004 1301 ¹.
1026 1243 1103 1302 Illud
1125 1245 1342 1318 tristissimum,
1364 1247 1422 1304 hoc

568 1323 706 1381 infimum
726 1323 857 1400 gradum
878 1324 1073 1382 miserandae
1087 1325 1231 1382 fortunae
1246 1327 1375 1398 obtinet,
1389 1346 1423 1383 u-

568 1410 712 1477 trumque
731 1403 954 1476 calamitosum,
978 1411 1142 1479 utrumque
1162 1407 1359 1465 miseratione
1378 1407 1423 1464 di-

567 1485 760 1560 gnissimum,
780 1500 816 1543 ac
830 1485 964 1558 proinde
979 1503 1178 1559 quocumque
1192 1505 1308 1563 genere
1323 1487 1421 1545 solatii

568 1564 680 1622 merito
694 1564 904 1623 relevandum.
919 1565 1005 1623 Vale.

569 1663 588 1763 Ι
622 1643 775 1721 Gregorio
791 1644 932 1704 Sanoceo
944 1645 1088 1704 nobilitas
1101 1665 1141 1704 ex
1151 1654 1284 1721 utroque
1295 1654 1422 1723 parente

594 1742 605 1765 ⁰
622 1725 687 1783 fuit.
702 1724 799 1784 Natus
811 1726 900 1783 estin
911 1726 1070 1798 Sarmatia,
1089 1745 1153 1785 non
1171 1728 1281 1802 procul
1298 1747 1316 1786 a
1337 1729 1422 1786 fonte

567 1805 687 1877 lstulae,
706 1807 738 1862 in
749 1823 831 1882 pago
844 1806 981 1882 fgnobili,
1003 1807 1034 1864 in
1052 1825 1115 1881 quo
1133 1808 1293 1866 infantiam
1311 1810 1421 1886 exegit.

567 1887 647 1944 Puer
661 1903 804 1944 unacum
816 1892 903 1960 patre
918 1888 950 1944 in
964 1888 1100 1946 vicinum
1116 1887 1265 1963 oppidum
1281 1890 1422 1966 migravit

568 1972 761 2040 coeptusque
774 1973 821 2025 est
833 1967 956 2026 erudiri.
969 1967 1197 2026 Duodecimum
1205 1987 1320 2026 annum
1329 1988 1421 2046 agens

568 2047 711 2104 fortunae
730 2065 763 2106 se
787 2047 955 2120 commisit,
982 2048 1107 2106 duriora
1126 2067 1269 2123 quaeque
1290 2050 1423 2108 tolerare
1458 2097 1467 2115 ,

568 2128 713 2201 paratior,
723 2146 816 2201 quarn
823 2135 984 2202 paternam
995 2129 1205 2201 acerbitatem,
1216 2131 1266 2188 cui
1277 2130 1421 2188 ferendae

569 2209 667 2283 impar
686 2225 758 2265 cum
778 2213 860 2266 esset
879 2208 1034 2268 adversari
1050 2209 1136 2267 nefas
1151 2211 1288 2284 putabat.
1308 2211 1421 2284 Itaque,

568 2295 662 2362 prout
669 2307 739 2345 eum
747 2288 867 2346 ferebat
875 2289 1017 2364 impetus
1028 2289 1123 2348 modo
1135 2290 1224 2362 hanc,
1235 2291 1331 2349 modo
1343 2291 1421 2349 illam

569 2369 724 2427 civitatem
732 2369 849 2440 adiens,
857 2388 1008 2443 nusquam
1016 2370 1344 2445 perseveravit,d0nec
1353 2371 1422 2430 Cra-

569 2449 689 2507 coviam
710 2450 803 2507 venit.
824 2449 867 2508 lbi
887 2450 1074 2523 aliquamdiu
1096 2451 1232 2508 substitit
1253 2451 1420 2526 litterisque

570 2546 697 2603 operam
712 2529 806 2587 dedit
821 2529 905 2602 Mox,
919 2547 990 2588 cum
1004 2531 1129 2604 publica
1144 2532 1248 2589 omnia
1262 2539 1293 2590 et
1305 2533 1421 2606 privata

569 2610 696 2686 negotia
710 2611 887 2686 germanica
898 2610 1003 2686 lingua
1013 2611 1137 2669 tractari
1148 2612 1421 2682 animadvertisset,

570 2691 600 2747 in
612 2688 809 2754 Germaniam
820 2690 900 2748 ultra
909 2690 1014 2749 Albim
1024 2691 1151 2749 fluvium
1162 2693 1344 2766 penetravit,
1356 2694 1420 2751 bre-

569 2771 661 2844 vique
676 2777 818 2845 tempore
831 2777 961 2845 propter
974 2771 1149 2830 versatilem
1165 2773 1301 2848 linguam
1316 2775 1359 2830 ita
1372 2792 1422 2830 ex-

569 2858 659 2909 terno
674 2851 813 2909 idiomati
829 2869 862 2908 se
877 2852 1104 2924 accomodavit,
1118 2859 1152 2910 ut
1167 2852 1281 2910 exinde
1296 2853 1421 2912 dubium

569 2931 662 2988 fuerit
682 2932 857 3006 patriumne
878 2950 918 2989 an
937 2933 1135 3008 peregrinum
1155 2951 1331 2991 sermonem
1351 2952 1422 2992 con-

569 3012 690 3069 cinnius
698 3013 921 3085 pronuntiaret.
934 3013 1187 3087 Quinquennium
1198 3032 1235 3070 ea
1246 3013 1278 3071 in
1289 3014 1422 3090 peregri-

570 3091 696 3149 natione
708 3092 888 3166 absumpsit,
902 3111 965 3166 quo
977 3100 1117 3167 tempore
1129 3093 1258 3151 diversis
1274 3095 1305 3151 in
1321 3095 1421 3152 civita-

569 3171 661 3240 tibus,
672 3189 742 3230 cum
751 3171 862 3230 doctus
871 3173 1010 3246 apprime
1017 3173 1079 3230 iam
1087 3181 1178 3245 esset,
1190 3174 1338 3233 litterario
1350 3174 1420 3232 ludo

570 3251 712 3325 praefuit,
732 3270 852 3327 perque
866 3252 1089 3326 discipulorum
1103 3254 1265 3312 mercedes
1280 3255 1420 3312 alimenta

570 3338 751 3406 vestemque
763 3350 799 3390 ac
807 3339 911 3391 cetera
918 3334 1069 3391 humanae
1078 3335 1158 3391 vitae
1171 3336 1345 3392 necessaria
1352 3353 1421 3394 con-

570 3412 703 3486 quisivit,
725 3430 796 3471 cum
820 3413 936 3471 interea
958 3413 1032 3471 nihil
1054 3433 1072 3470 a
1086 3414 1180 3472 domo
1202 3416 1420 3474 subveheretur

570 3492 638 3551 sibi.
654 3491 716 3551 Sed
731 3499 762 3550 et
775 3494 962 3567 peculiarem
977 3502 1139 3567 quaestum
1152 3495 1182 3551 in
1194 3495 1305 3553 dextra
1319 3495 1420 3553 habuit

570 3573 779 3632 exscribendo
791 3573 921 3646 libellos,
934 3573 1092 3649 discipulis
1105 3577 1307 3646 necessarios,
1322 3576 1353 3633 in
1365 3593 1421 3649 qua

570 3671 604 3711 re
618 3653 785 3728 plurimum
799 3653 953 3712 excelluit.
967 3654 1047 3712 Nam
1060 3661 1184 3729 praeter
1198 3655 1239 3728 id,
1253 3656 1340 3729 quod
1353 3673 1420 3730 pro-

569 3734 638 3807 prio
646 3733 742 3792 modo
750 3733 920 3792 litterarum
928 3736 1121 3793 characteres
1133 3736 1422 3810 expressitexactis-

571 3814 656 3886 sime,
668 3814 889 3888 cuiuscumque
897 3816 1145 3891 chirographum,
1157 3834 1227 3874 cum
1239 3817 1372 3887 volebat,
1383 3815 1397 3872 f
1411 3846 1422 3856 -

570 3894 629 3951 cile
644 3894 827 3953 imitabatur.
843 3895 930 3969 Quae
944 3895 1087 3968 facultas,
1101 3897 1126 3952 si
1141 3896 1311 3970 depravato
1326 3897 1422 3955 cuius-

608 4000 618 4030 ²
636 4001 677 4052 Cf.
697 4005 730 4053 H.
750 4003 898 4066 Zeissberg:
916 4004 966 4052 Die
979 4005 1113 4066 polnische
1132 4005 1422 4064 Geschichtschreibung

572 4073 617 4122 des
636 4073 804 4124 Mittelalters.
823 4076 928 4138 Lipsiae
950 4074 1015 4136 1873
1036 4091 1062 4138 p.
1076 4075 1136 4138 384.
1156 4076 1217 4142 398.
1237 4078 1354 4138 Carmen,
1374 4089 1419 4140 quo

571 4146 684 4194 Drusilla
701 4147 849 4209 celebratur,
869 4147 931 4196 alias
951 4147 1062 4197 edidero.
