3240 5478
957 783 1034 834 FOL.
1053 784 1103 834 XX

249 1013 316 1052 nem
331 995 561 1070 impendiorum
575 996 723 1067 omnium,
742 1014 850 1054 usuras
869 1013 887 1053 a
907 1014 941 1053 se
957 997 1024 1071 ipso
1039 996 1103 1054 exi-

248 1076 358 1150 gendo,
373 1075 522 1148 quasdam
534 1075 621 1133 villas
632 1077 807 1134 coemisset.
821 1076 906 1148 Mox,
921 1092 993 1133 cum
1008 1077 1104 1134 nutri-

249 1163 420 1213 mentorum
436 1157 516 1214 ratio
531 1156 604 1213 satis
620 1162 807 1230 suppeteret,
827 1155 867 1214 ad
886 1157 1028 1232 largioris
1042 1155 1104 1215 for·

248 1242 336 1294 tunae
351 1254 441 1310 spem
456 1237 592 1293 animum
607 1239 713 1294 erexit.

246 1333 416 1435 XXVI
460 1316 579 1379 Relicta
591 1317 682 1393 igitur
690 1317 824 1389 civitate,
838 1316 925 1375 villas
940 1317 1103 1375 circumire

423 1413 434 1435 0

460 1397 565 1471 coepit
580 1405 611 1455 et
625 1397 756 1455 colonos
778 1397 986 1470 undequaque
1001 1397 1103 1456 modis

247 1477 387 1534 omnibus
404 1476 444 1535 ad
455 1495 489 1534 se
500 1477 633 1549 allicere,
652 1478 763 1552 quibus
779 1478 880 1551 primo
896 1477 1007 1535 domos
1020 1476 1103 1535 aedi-

246 1555 356 1614 ficabat
378 1556 498 1630 aliaque
529 1557 739 1616 blandimenta
757 1557 919 1629 offerebat,
940 1575 997 1632 per
1022 1574 1103 1632 quae

247 1638 412 1712 agrestium
427 1637 530 1709 animi,
545 1655 623 1711 quos
638 1638 772 1695 maxime
787 1638 992 1696 commoditas
1007 1637 1102 1709 ducit,

245 1723 437 1791 caperentur.
453 1717 521 1792 Qua
536 1717 699 1776 sedulitate
715 1718 746 1774 in
756 1719 972 1792 possessiones
984 1736 1102 1790 omnes,

245 1814 321 1869 quae
337 1797 378 1855 ob
394 1798 608 1871 intemperiem
627 1798 739 1872 prioris
754 1799 978 1873 archiepiscopi
998 1798 1103 1857 deser-

245 1884 292 1934 tae
304 1884 401 1948 erant,
413 1877 548 1935 cultores
560 1876 690 1936 induxit.
701 1878 823 1936 Deinde
834 1877 1047 1936 crescentibus
1058 1877 1102 1935 fa-

244 1957 407 2015 cultatibus
422 1957 570 2032 paulatim
590 1958 664 2015 alias
683 1965 776 2032 atque
794 1958 868 2016 alias
882 1958 969 2016 villas
989 1976 1102 2030 emere,

244 2044 306 2094 tum
322 2055 419 2095 novas
434 2037 538 2096 locare
553 2044 585 2095 et
598 2039 732 2113 piscinas
748 2045 801 2097 aut
815 2039 971 2096 obsoletas
987 2040 1102 2096 instau-

243 2135 309 2175 rare
329 2124 391 2190 aut,
411 2118 463 2176 ubi
483 2118 544 2176 loci
564 2119 769 2179 commoditas
790 2119 944 2190 suasisset,
965 2119 1101 2178 effodere

243 2215 306 2255 non
325 2198 411 2273 prius
433 2198 560 2270 destitit,
584 2217 687 2272 quam,
707 2199 791 2256 velut
809 2198 899 2256 fenus
919 2217 1012 2257 exse
1031 2200 1100 2273 ipso

242 2278 521 2350 crescens,iructus
533 2278 683 2337 ecclesiae
694 2278 734 2336 ad
745 2297 814 2336 eam
825 2298 976 2337 summam
987 2279 1101 2354 perdu-

242 2358 295 2430 xit,
306 2365 340 2415 ut
351 2376 422 2416 cum
431 2358 582 2435 dignitate
590 2359 709 2417 futuros
717 2366 858 2434 pastores
870 2376 906 2417 ac
917 2358 1007 2417 facile
1018 2359 1100 2417 alere

242 2455 335 2510 posse
354 2445 521 2496 constaret.
542 2438 592 2497 Ad
618 2446 793 2497 extremum
813 2439 964 2497 locandae
983 2439 1099 2497 civitati

242 2519 376 2576 animum
391 2518 525 2577 intendit
539 2526 579 2591 et,
593 2536 664 2577 cum
676 2519 763 2577 locus
773 2519 940 2593 placuisset
952 2520 1034 2576 iuxta
1044 2520 1101 2576 ilu-

242 2616 322 2670 men,
336 2599 387 2657 cui
401 2599 577 2657 Danubiolo
593 2617 707 2657 nomen
722 2606 779 2671 est,
792 2600 893 2673 primo
909 2599 1035 2673 quidem
1050 2617 1111 2657 so-·

242 2677 287 2735 lus
307 2679 369 2736 illic
394 2679 532 2737 habitare
551 2680 761 2754 perseveravit
779 2681 981 2753 vicorumque
1005 2686 1099 2753 atque

242 2775 330 2816 areae
345 2759 489 2833 publicae
504 2759 599 2818 modo
610 2759 774 2836 designato
786 2759 897 2818 domos
908 2759 1101 2831 aedificabat,

241 2856 320 2910 cum,
336 2840 448 2912 quibus
459 2840 657 2911 habitaretur,
668 2840 807 2898 nondum
819 2846 930 2898 essent.
953 2838 1098 2898 Ceterum

241 2919 365 2995 vulgata
380 2920 439 2976 iam
453 2919 574 2994 pridem
590 2920 671 2977 fama
685 2920 838 2978 facilitatis
854 2920 948 2994 ipsius
963 2921 1099 2993 aequita-

241 2999 342 3072 tisque
358 2999 389 3056 in
404 3017 477 3058 suos
492 3000 595 3057 statim
616 3018 724 3058 omnes
744 3019 784 3058 ex
798 2999 1011 3058 adiacentibus
1026 3001 1100 3058 civi-

241 3080 366 3150 tatibuS,
385 3080 497 3153 quibus
512 3087 564 3137 aut
578 3081 704 3138 avaritia
722 3087 775 3137 aut
793 3081 938 3154 superbia
957 3080 1100 3138 domino-

240 3177 307 3216 rum
316 3159 436 3218 infensa
443 3167 517 3231 erat,
525 3159 565 3217 ad
572 3159 757 3236 Gregorium
769 3160 902 3218 attraxit.
909 3160 1016 3234 ltaque
1027 3178 1098 3218 cum

241 3239 299 3296 iam
311 3239 445 3314 populus
456 3247 520 3297 tam
531 3239 677 3313 frequens
689 3241 894 3312 convenisset,
909 3247 943 3298 ut
957 3260 975 3298 a
989 3241 1097 3298 subitis

240 3319 452 3378 incursionum
468 3321 591 3379 casibus
613 3339 646 3378 se
662 3321 762 3395 ipsum
777 3321 856 3378 tueri
870 3338 964 3394 posse
979 3321 1099 3379 videre-

239 3406 297 3471 tur,
304 3398 345 3458 ad
352 3399 514 3475 augendos
522 3400 689 3476 populares
698 3401 819 3457 animos
828 3400 1011 3459 etfiduciam
1023 3399 1099 3459 Gre-

239 3481 344 3556 gorius
359 3481 444 3554 prius
459 3498 563 3538 arcem
578 3481 685 3552 erexit,
700 3480 815 3538 deinde
824 3480 908 3538 fossa
920 3481 1036 3557 ingenti
1052 3497 1098 3537 ar-

238 3560 433 3635 gillaceoque
453 3579 548 3635 opere
569 3560 721 3640 reliquum
736 3561 821 3618 urbis
836 3561 985 3619 ambitum
1000 3559 1099 3618 muni-

238 3641 290 3712 vit,
305 3640 391 3714 quod
403 3659 502 3716 genus
514 3641 705 3714 saepimenti‚
720 3647 754 3698 ut
764 3648 949 3698 consuetum
961 3641 992 3697 in
1003 3658 1039 3697 ea
1050 3657 1098 3697 re-

238 3721 342 3796 gione,
351 3721 393 3777 ita
400 3720 1097 3794 tutissimumadversusThauroscythas,aquo

239 3818 303 3858 uno
316 3819 432 3877 genere
443 3801 578 3858 hostium
590 3801 723 3858 maxime
735 3800 906 3871 infestatur,
917 3800 1033 3874 quippe
1045 3801 1096 3874 qui

238 3899 341 3954 neque
353 3879 497 3938 obsidere
508 3898 611 3953 neque
622 3898 802 3956 expugnare
813 3881 906 3938 urbes
918 3881 1031 3950 norint,
1042 3878 1098 3937 sed

237 3961 377 4034 palantes
388 3979 445 4035 per
456 3967 563 4035 aperta
573 3960 650 4032 loca,
659 3960 807 4034 quicquid
815 3960 973 4018 hominum
982 3960 1099 4018 iumen-

237 4047 381 4098 torumve
396 4059 485 4099 casus
498 4040 653 4112 obtulerit,
665 4040 783 4112 eadem,
795 4058 856 4112 qua
867 4040 1037 4112 incurrunt,
1048 4057 1099 4098 ce-

238 4121 359 4178 leritate
371 4121 508 4198 abigunt.
515 4121 682 4178 Maximam
692 4121 922 4194 praetereavim
934 4122 1034 4179 omnis
1046 4139 1100 4197 ge-
