3240 5478
542 801 744 852 GREGORIUS
763 799 952 851 SANOCEUS

543 871 744 886 ΜΛΛΛΛΑΗΧΛΝ
763 869 849 883 un
850 869 920 901 &62an
928 869 995 882 »ΛΛΙΙ
1019 869 1084 882 «ΠΜΜ
1266 868 1394 881 MtV*'·*·x

543 891 604 903 ΝΧΙΝΙ
590 888 729 902 ΗΜΧΙΝ
713 887 781 901 UVVV
786 887 854 900 uJW
873 886 1014 900 VMNVWV
1017 886 1385 900 WWWV‘VWNIWNXNW'VN

542 1021 663 1088 verant3
679 1015 841 1089 ipsumque
854 1014 966 1088 procul
981 1013 1076 1072 dubio
1091 1031 1154 1071 non
1167 1013 1329 1084 interiisse,
1344 1011 1399 1069 sed

542 1097 646 1170 aliquo
660 1096 799 1171 gentium
811 1095 841 1151 in
854 1093 1097 1152 dissimulatione
1109 1095 1155 1151 sui
1168 1094 1262 1168 ipsius
1274 1094 1400 1169 agitare,

544 1186 689 1251 tanquam
708 1176 841 1249 puderet
860 1175 1025 1233 calamitati
1044 1192 1169 1232 suorum
1192 1175 1399 1248 supervivere,

543 1275 622 1331 quae
637 1257 678 1314 ob
692 1256 837 1313 violatam
852 1274 914 1314 ase
926 1255 1107 1332 religionem
1119 1260 1248 1328 accepta
1259 1253 1401 1312 credere-

543 1345 600 1395 tur.
615 1337 754 1409 Eamque
768 1337 1001 1410 persuasionem
1015 1335 1184 1411 Gregorius
1200 1352 1399 1407 corrumpere

544 1417 652 1489 noluit,
666 1423 731 1473 tum
746 1423 781 1472 ut
794 1415 906 1491 pudori
922 1434 1029 1473 eorum
1040 1422 1192 1489 parceret,
1206 1415 1258 1489 qui
1274 1414 1331 1471 sub
1347 1413 1398 1470 tali

544 1503 721 1556 commento
736 1496 832 1553 latere
846 1496 1017 1568 voluerant,
1037 1503 1101 1553 tum
1116 1497 1188 1570 quia
1202 1496 1298 1552 satius
1313 1501 1399 1568 puta-

543 1579 588 1636 vit
601 1583 731 1635 matrem
747 1583 930 1650 ceterosque
952 1576 1145 1634 necessarios
1164 1594 1270 1652 regem
1291 1575 1348 1632 sub
1364 1593 1399 1632 ea

544 1657 734 1717 credulitatis
749 1657 883 1714 vanitate
896 1657 1045 1728 oblivisci,
1059 1675 1151 1730 quam
1164 1657 1335 1713 extinctum
1347 1654 1400 1712 de·-

544 1739 675 1813 plorare.
690 1737 737 1795 Ac
751 1737 884 1811 proinde
899 1737 944 1794 sic
959 1737 999 1794 de
1013 1738 1076 1794 vita
1090 1743 1142 1793 aut
1153 1736 1193 1794 de
1205 1742 1306 1793 morte
1321 1736 1398 1793 illius

544 1819 737 1892 loquebatur,
757 1816 852 1891 quod,
870 1823 973 1874 utrum
993 1817 1127 1888 mallent,
1142 1817 1232 1874 facile
1252 1815 1398 1889 sibiipsis

544 1905 672 1974 possent
686 1897 834 1972 polliceri.
848 1898 973 1955 Interim
988 1915 1062 1954 vero
1078 1903 1109 1954 et
1122 1897 1247 1971 publica
1260 1896 1400 1971 Ungaro-

545 1997 612 2036 rum
624 1978 748 2055 negotia
756 1977 989 2054 diligentissime
998 1978 1109 2053 agebat
1117 1983 1148 2034 et
1156 1977 1275 2034 restitui
1283 1975 1322 2034 ad
1330 1994 1400 2050 pos-

545 2060 716 2117 sessionem
732 2058 881 2116 ecclesiae
896 2076 969 2115 suae
983 2057 1179 2132 procurabat.

544 2155 689 2258 XXII
724 2136 795 2210 Sed,
814 2153 885 2196 eum
903 2145 1033 2213 propter
1047 2137 1304 2195 accelerationem
1319 2137 1399 2212 regis

695 2235 706 2257 ·
724 2219 763 2277 ad
783 2219 922 2275 intimam
942 2218 1109 2276 Sarmatiae
1128 2224 1247 2292 partem
1266 2234 1331 2274 non
1345 2235 1400 2290 po-

545 2300 661 2370 tuisset,
676 2298 762 2372 quod
776 2298 911 2372 petebat,
926 2300 1099 2373 impetrare,
1114 2305 1241 2357 coactus
1257 2304 1304 2354 est
1316 2297 1398 2353 illum

545 2380 640 2453 sequi.
657 2380 859 2453 Superaverat
874 2397 930 2436 rex
945 2380 1004 2437 iam
1019 2379 1181 2437 Rubonem
1197 2395 1329 2448 amnem,
1348 2396 1399 2433 ne-

545 2479 606 2533 que
620 2459 729 2533 procul
741 2460 847 2517 aberat
858 2478 875 2516 a
886 2459 1034 2530 Torunio,
1046 2476 1117 2517 cum
1129 2459 1254 2516 allatum
1266 2464 1313 2514 est
1324 2476 1400 2513 nun-

545 2541 621 2597 tium
630 2541 770 2596 interitus
778 2537 1279 2614 archiepiscopiLeopolitani.Sed
1287 2537 1398 2594 etillud

546 2621 752 2691 nuntiabatur,
773 2620 1049 2692 archiepiscopum,
1064 2618 1138 2676 dum
1153 2620 1280 2689 viveret,
1295 2618 1337 2674 ita
1350 2635 1398 2674 ec-

545 2701 670 2759 clesiam
685 2700 767 2757 illam
782 2699 934 2771 habuisse,
949 2706 982 2755 ut
996 2699 1079 2756 visus
1091 2700 1131 2757 sit
1142 2699 1285 2757 omnibus
1301 2697 1398 2756 modis

546 2799 672 2855 operam
684 2780 767 2850 dare,
778 2798 818 2837 ne
827 2779 885 2838 sibi
897 2786 1081 2853 superesset,
1092 2779 1148 2837 sed
1159 2797 1220 2835 una
1231 2796 1337 2836 secum
1349 2796 1400 2835 ex-

545 2861 925 2936 tingueretur.ltaquenon
933 2867 995 2918 tam
1008 2859 1170 2917 ecclesiam
1183 2877 1276 2932 quam
1288 2875 1398 2916 nomen

544 2959 664 3012 vacare,
682 2941 845 2999 ecclesiam
860 2941 942 2998 enim
957 2940 1054 3014 ipsam
1070 2941 1127 2996 iam
1140 2938 1258 2996 dudum
1270 2957 1337 2995 esse
1349 2938 1400 2994 de-

545 3021 640 3078 siisse.
653 3021 739 3094 Quae
750 3039 800 3078 res
811 3020 945 3078 maxime
956 3021 1038 3096 regis
1049 3020 1185 3077 animum
1197 3018 1400 3087 exacerbavit,

546 3106 610 3156 tum
622 3107 750 3174 propter
761 3100 947 3176 singularem
959 3101 1024 3157 eius
1035 3101 1181 3175 pietatem
1194 3117 1267 3175 erga
1278 3100 1400 3156 immor-

545 3180 637 3237 talem
656 3180 770 3252 Deum,
790 3187 854 3238 tum
874 3181 959 3254 quod
979 3199 1016 3237 ea
1034 3180 1165 3238 ecclesia
1184 3178 1246 3237 divi
1265 3179 1399 3253 parentis

546 3279 592 3316 sui
604 3267 838 3317 monumentum
847 3267 936 3319 esset
949 3259 1110 3318 Convertit
1098 3267 1198 3335 ergo
1206 3260 1309 3316 statim
1317 3277 1399 3348 men-

546 3347 607 3397 tem
617 3339 672 3397 ad
665 3359 761 3413 ipsam
774 3341 1046 3398 instaurandam
1015 3349 1086 3412 e
1088 3341 1210 3398 tvirum
1218 3357 1311 3413 quam
1323 3339 1399 3413 opti-

546 3439 629 3478 mum
642 3420 683 3477 illi
694 3421 886 3494 praeficeret,
898 3421 982 3498 cogit
984 3439 1035 3478 are
1047 3421 1171 3494 incepit.
1182 3419 1245 3478 Sed
1256 3437 1326 3477 cum
1339 3437 1399 3476 non

546 3507 749 3572 succurreret,
764 3502 815 3574 qui
831 3501 977 3575 placeret,
996 3500 1035 3557 ad
1049 3508 1179 3558 matrem
1199 3519 1284 3557 suam
1299 3500 1398 3575 regni-

545 3600 606 3655 que
621 3581 785 3654 optimates
799 3583 890 3653 misit,
904 3588 938 3638 ut
952 3600 1044 3654 quem
1056 3582 1190 3638 maxime
1201 3580 1241 3638 ad
1252 3598 1319 3637 eam
1334 3597 1397 3637 rem

544 3662 691 3719 idoneum
703 3663 861 3732 sentirent,
873 3663 1075 3718 nominarent.
1089 3661 1135 3720 Illi
1147 3667 1292 3734 quattuor
1298 3660 1398 3718 delec-

543 3742 591 3812 tie,
603 3742 761 3799 annitente
773 3742 880 3817 regina
892 3741 1076 3818 Gregorium
1089 3742 1231 3815 quintum
1242 3739 1397 3810 addidero,

544 3823 683 3894 quamvis
698 3821 912 3879 adversaretur
923 3821 1074 3897 Sbigneus
1085 3821 1259 3893 cardinalis
1273 3821 1334 3894 qui,
1348 3839 1398 3877 ve-

545 3901 600 3958 luti
620 3902 725 3958 iamin
745 3909 891 3960 externos
912 3919 1015 3959 mores
1035 3902 1264 3978 degenerasset,
1282 3900 1399 3976 Grego-

545 3982 624 4038 rium
644 3982 873 4056 aspernabatur.
903 3980 1048 4040 Ceterum
1067 4000 1132 4053 rex,
1151 3983 1214 4055 qui,
1235 3982 1293 4038 nisi
1314 3980 1397 4054 quod

546 4061 764 4135 desperaverat
776 4061 959 4137 Gregorium
971 4081 1082 4118 munus
1093 4069 1319 4136 suscepturum,
1334 4061 1399 4117 sine

547 4141 648 4223 aliqua
667 4142 894 4199 consultatione
915 4143 1014 4224 ipsum
1034 4143 1177 4208 omnibus
1196 4142 1399 4224 praetulisset,
