3240 5478
475 903 482 921 ι
552 833 753 887 GREGORIUS
771 835 962 887 SANOCEUS.

554 1049 635 1108 cium
657 1067 746 1106 suum
768 1048 879 1107 detulit
899 1048 939 1107 ad
961 1049 1134 1121 doctorem,
1156 1066 1257 1123 eoque
1279 1050 1405 1108 invento

554 1135 673 1187 tantum
684 1129 780 1188 docto
792 1130 907 1200 bomini
919 1130 1081 1204 persuasit,
1092 1137 1126 1187 ut
1137 1131 1217 1187 illius
1228 1129 1313 1188 modi
1325 1148 1408 1188 erro-

554 1227 588 1268 re
602 1209 779 1282 emendato,
793 1210 845 1268 ille
859 1210 891 1267 in
905 1217 1066 1284 posterum
1081 1217 1194 1282 cetera,
1213 1229 1294 1285 quae
1314 1212 1408 1284 scrip-

554 1291 645 1348 sisset
659 1291 691 1347 in
706 1290 823 1348 eisdem
839 1291 1078 1362 commentariis,
1099 1292 1278 1365 priusquam
1294 1291 1407 1362 ederet,

554 1388 677 1446 semper
691 1369 834 1447 Gregorii
856 1369 970 1429 iudicio
990 1378 1022 1429 et
1035 1372 1230 1450 castigationi
1245 1372 1407 1430 subiceret.

554 1450 699 1510 Ceterum
715 1469 778 1509 non
794 1451 860 1526 ipse
875 1451 985 1523 solum,
1004 1451 1060 1509 sed
1073 1458 1162 1510 <et>
1175 1451 1285 1525 reliqui
1300 1470 1406 1508 omnes

553 1530 677 1589 litterati
696 1537 816 1589 tantum
832 1531 911 1588 illius
933 1532 1058 1607 ingenio
1077 1532 1263 1604 tribuebant,
1277 1539 1311 1589 ut
1325 1533 1408 1605 quic-

554 1611 629 1686 quid
644 1612 874 1688 incognitorum
886 1611 1035 1670 librorum
1046 1613 1085 1669 ab
1097 1612 1200 1685 aliquo
1212 1613 1407 1683 inveniretur,

554 1692 694 1764 adeum,
720 1699 867 1766 tanquam
887 1693 935 1750 cui
957 1693 1061 1750 omnia
1086 1692 1188 1750 facilia
1207 1693 1406 1766 interpretatu

553 1779 667 1844 essent,
680 1779 865 1846 portaretur.
879 1772 985 1846 Itaque
1000 1773 1080 1830 inter
1094 1772 1225 1844 libellos,
1241 1774 1293 1846 qui
1308 1772 1406 1846 quoti-

554 1852 605 1911 die
616 1852 703 1910 multi
715 1853 773 1911 sibi
785 1852 1001 1924 offerebantur,
1013 1853 1130 1910 invenit
1141 1852 1304 1910 nonnullas
1313 1853 1406 1910 Plauti

554 1933 742 2004 comoedias,
756 1951 886 2007 quarum
901 1931 1060 2006 lepiditate
1082 1940 1174 2006 atque
1190 1934 1316 2008 ingenio
1330 1933 1406 1990 adeo

555 2013 726 2071 delectatus
742 2020 798 2084 est,
812 2019 846 2070 ut
860 2019 984 2087 praeter
999 2013 1039 2084 id,
1061 2013 1147 2087 quod
1162 2031 1267 2070 earum
1283 2013 1406 2071 lectioni

554 2093 693 2167 quotidie
710 2111 836 2167 operam
847 2094 951 2165 dabat,
966 2095 1107 2167 coeperit
1117 2101 1149 2151 et
1159 2093 1199 2151 ad
1211 2093 1330 2150 illarum
1346 2094 1408 2150 imi-

553 2175 703 2231 tationem
718 2191 831 2231 novam
845 2173 1041 2232 comoediam
1056 2174 1201 2232 scribere.

554 2271 626 2373 VI
664 2253 765 2327 Quam
785 2255 1040 2312 exercitationem
1056 2254 1220 2328 interrupit
1233 2261 1344 2328 postea
1358 2272 1407 2312 co-

631 2350 642 2372 ·
664 2339 751 2391 actus
764 2334 881 2392 Italiam
896 2341 1004 2408 petere
1016 2334 1055 2392 ad
1068 2334 1293 2409 impetrandam
1305 2353 1407 2392 curam

554 2414 714 2487 ecclesiae,
727 2420 802 2472 tunc
813 2432 886 2472 casu
901 2415 1047 2473 vacantis.
1062 2414 1150 2486 Nam,
1164 2415 1216 2488 qui
1229 2415 1406 2489 iampridem

555 2493 718 2552 ducendae
737 2495 827 2553 uxori
846 2512 955 2569 parum
974 2513 1008 2552 se
1023 2495 1170 2553 idoneum
1186 2514 1203 2552 a
1218 2502 1328 2552 natura
1342 2513 1407 2552 sen-

554 2576 635 2646 tiret,
654 2575 830 2633 sacerdotio
850 2594 883 2632 se
903 2577 1080 2649 mancipare
1099 2576 1281 2632 instituerat.
1305 2575 1407 2649 Itaque

555 2673 626 2714 cum
641 2663 766 2713 vacaret
780 2656 913 2714 ecclesia
928 2656 958 2713 in
973 2655 1077 2713 salinis
1093 2657 1195 2732 regiis,
1217 2674 1297 2729 quae
1311 2672 1407 2730 prope

555 2735 737 2795 Cracoviam
756 2743 837 2808 sunt,
856 2735 1057 2793 suadentibus
1076 2737 1182 2794 amicis
1202 2743 1295 2810 atque
1310 2735 1341 2793 id
1356 2737 1407 2792 im-

554 2816 681 2892 pensius
695 2816 935 2893 efflagitantibus
947 2816 1119 2874 Bononiam
1129 2817 1219 2890 petiit
1233 2823 1326 2890 atque
1339 2815 1408 2872 inde

553 2896 744 2954 Florentiam
765 2915 799 2954 se
820 2895 952 2954 contulit
977 2896 1017 2954 ad
1035 2897 1210 2972 Eugenium
1230 2896 1408 2954 Pontificem

554 2977 734 3049 Maximum,
748 2978 801 3051 qui
816 2976 914 3034 Roma
928 2976 1035 3050 pulsus
1051 2995 1068 3033 a
1081 2976 1269 3034 Florentinis
1283 2983 1408 3050 propter

556 3057 695 3130 ipsorum
720 3057 907 3134 singularem
926 3057 1073 3130 pietatem
1095 3058 1124 3113 in
1145 3057 1328 3132 religionem
1348 3073 1408 3113 non

556 3137 656 3195 solum
672 3144 834 3212 susceptus
849 3137 958 3209 fuerat,
977 3137 1033 3195 sed
1053 3156 1145 3211 quam
1165 3136 1408 3194 honorificentis-

556 3217 633 3274 sime
647 3217 827 3276 habebatur.
841 3216 885 3276 Ibi
901 3235 972 3274 cum
984 3219 1048 3280 voti
1060 3234 1191 3292 compos
1206 3216 1305 3274 sactus
1320 3223 1408 3286 esset,

555 3298 618 3370 vix,
636 3303 671 3354 ut
684 3297 902 3374 regrederetur
922 3299 952 3354 in
971 3299 1112 3371 patriam,
1132 3298 1264 3355 extorsit
1282 3314 1408 3376 aquam

555 3377 705 3452 plurimis,
712 3379 765 3451 qui
773 3377 947 3436 suadebant
957 3379 985 3435 ei
996 3396 1157 3436 remanere
1167 3379 1196 3435 in
1205 3377 1339 3453 collegio
1347 3395 1409 3434 mu-

556 3459 691 3516 sicorum
709 3458 868 3517 Pontificis
893 3465 924 3516 et
943 3458 1101 3516 nolentem
1126 3457 1354 3532 propemodum
1379 3457 1407 3513 vi

555 3539 689 3596 retinere
703 3540 920 3612 procurabant.

555 3635 650 3737 VH
696 3617 820 3693 Adepta
831 3619 911 3676 illius
922 3619 1072 3677 ecclesiae
1086 3619 1293 3693 possessione,
1308 3617 1409 3687 multa,

656 3715 667 3737 ·
697 3717 777 3772 quae
791 3699 989 3775 neglegentia
998 3700 1136 3773 priorum
1148 3698 1344 3756 sacerdotum
1357 3698 1409 3755 do-

557 3779 598 3836 mi
610 3786 703 3852 atque
713 3780 776 3836 ruri
788 3779 929 3838 obsoleta
940 3786 1037 3850 erant,
1048 3780 1238 3851 instauravit,
1246 3779 1409 3853 coepitque

557 3861 756 3917 commissum
765 3860 823 3918 sibi
831 3877 959 3937 gregem
967 3860 1100 3935 dirigere
1112 3861 1142 3916 in
1155 3857 1409 3917 semitasDomini

556 3941 653 3997 verbo
669 3947 700 3997 et
714 3940 868 4014 exemplo,
883 3940 939 3997 sed
951 3947 1020 3997 utro
1032 3941 1140 4016 magis,
1154 3941 1264 3997 merito
1277 3939 1407 3996 dubitari

557 4025 669 4093 potest.
684 4020 762 4077 Nam
778 4039 879 4094 neque
890 4021 922 4077 in
933 4021 995 4077 vita
1006 4020 1155 4094 quicquid
1166 4026 1240 4091 erat,
1251 4019 1336 4093 quod
1348 4037 1408 4076 non

558 4116 629 4156 cum
644 4118 762 4158 summa
777 4099 1047 4159 commendatione
1057 4106 1165 4173 posset
1176 4099 1296 4172 imitari,
1311 4115 1409 4173 neque

558 4181 703 4252 sermoni,
722 4198 792 4238 cum
806 4181 924 4256 populo
939 4180 1133 4256 evangelium
1149 4181 1409 4254 interpretaretur,
