3240 5478
862 780 937 830 FOL.
958 779 1047 829 XXIV

186 994 345 1053 sententia
359 1012 453 1069 super
468 1012 505 1053 ea
518 1012 552 1052 re
566 999 738 1070 rogaretur,
757 993 885 1051 dixisse:
907 990 1048 1070 [utraque

186 1093 222 1132 re
237 1075 342 1149 potius
357 1075 459 1151 subigi
481 1081 512 1132 et
531 1074 657 1132 retineri
681 1092 740 1150 ego
755 1074 898 1149 putarim,
912 1091 984 1130 nam
999 1073 1049 1130 iis-

187 1155 262 1212 dem
274 1173 397 1230 semper
408 1156 526 1213 artibus
535 1156 693 1226 retinetur,
704 1154 816 1228 quibus
828 1154 915 1211 initio
926 1160 1047 1228 partum

187 1234 251 1314 sit].
269 1235 389 1293 »Armis
404 1235 531 1313 quidem
546 1235 646 1312 subigi
661 1235 848 1309 provincias
862 1233 918 1291 sed
934 1235 1049 1291 iustitia

187 1317 323 1374 retineri.
344 1315 411 1372 Nec
433 1323 496 1372 tam
517 1315 607 1373 facile
622 1334 691 1372 esse
707 1315 847 1372 nationes
863 1315 894 1371 in
909 1331 987 1389 pace
1002 1333 1049 1371 re-

188 1414 264 1472 gere
278 1414 315 1454 ac
329 1395 494 1466 moderari,
508 1414 601 1469 quam
612 1395 696 1453 bello
711 1395 852 1470 redigere
869 1395 899 1451 in
913 1402 1049 1468 potesta-

188 1485 261 1534 tem.
277 1477 454 1551 Superbum
466 1483 559 1549 atque
571 1477 717 1533 iniustum
733 1476 894 1549 imperium
910 1474 1047 1550 magistri

189 1557 349 1615 civitatum
371 1557 491 1614 animos
513 1558 551 1615 ab
572 1574 609 1614 eo
625 1556 784 1626 alienasse,
799 1573 878 1629 quae
892 1555 976 1612 nulla
991 1555 1049 1612 alia

188 1637 309 1695 ratione
324 1636 532 1712 confugerent
546 1636 586 1694 ad
600 1654 716 1712 regem,
738 1654 829 1709 quam
845 1635 930 1709 quod
945 1635 1048 1692 mitius

189 1717 360 1791 iustiusque
382 1718 603 1791 imperaturum
622 1716 760 1774 credant.
782 1715 875 1790 Quod
896 1717 921 1772 si
942 1733 1047 1773 earum

190 1798 329 1872 opinioni
344 1797 438 1855 vellet
452 1804 504 1854 aut
514 1804 621 1871 posset
633 1815 666 1854 se
677 1795 882 1868 conformare,
897 1797 1048 1870 optimum

190 1877 272 1936 factu
287 1896 358 1935 esse
373 1884 404 1935 et
419 1878 451 1934 in
465 1877 560 1934 fidem
575 1878 657 1952 ipsas
672 1877 811 1951 recipere
826 1883 858 1934 et
871 1877 960 1948 tueri,
975 1877 1049 1934 alio-

191 1959 263 2030 quin
271 1976 337 2015 non
345 1976 414 2015 esse
423 1957 654 2032 suscipiendum
662 1957 829 2034 gratuitum
837 1956 1048 2014 bellumNam

191 2037 1049 2113 forealiquando,uteademcausa,propterquamama·

191 2119 288 2194 gistro
309 2118 509 2190 defecissent,
530 2137 548 2175 a
568 2135 643 2194 rege
665 2135 790 2191 quoque
813 2117 1047 2175 alienarentur«.

192 2197 269 2258 Cum
282 2217 359 2257 vero
381 2199 420 2257 de
435 2199 531 2256 modo
551 2199 680 2274 gerendi
701 2198 773 2255 belli
795 2215 831 2255 ac
851 2197 1048 2255 facultatibus

191 2287 335 2356 ageretur
353 2287 385 2337 et
398 2280 496 2348 multi,
514 2285 608 2353 prout
628 2279 777 2352 cuiusque
797 2279 954 2354 ingenium
974 2285 1048 2349 erat,

193 2361 362 2417 sententias
378 2359 539 2430 dixissent,
554 2377 618 2417 non
633 2365 696 2416 tam
711 2359 822 2416 effectu
837 2377 929 2431 quam
944 2358 1047 2415 verbis

192 2439 330 2497 diversas
345 2473 384 2482 —
399 2439 515 2516 quippe
530 2456 660 2497 numero
674 2445 794 2496 tantum
809 2438 999 2512 differentes;
1015 2444 1049 2495 ut

192 2521 255 2596 regi
278 2521 392 2577 viritim
413 2519 529 2593 aliquid
549 2520 700 2594 pecuniae
722 2519 917 2590 tribueretur,
939 2536 1047 2576 omnes

192 2601 367 2658 sentiebant
380 2633 420 2642 —
434 2599 603 2676 Gregorius
619 2600 731 2672 inquit:
755 2599 842 2656 »Non
862 2600 948 2673 prius
967 2598 1049 2655 futu-

192 2698 258 2738 rum
273 2688 331 2752 est,
345 2688 379 2738 ut
393 2697 450 2749 rex
464 2698 522 2754 pro
537 2679 687 2755 dignitate
708 2697 763 2736 sua
783 2697 962 2752 eorumque,
982 2679 1048 2751 qui-

192 2762 248 2818 bus
261 2761 401 2836 imperat,
415 2761 531 2818 bellum
543 2761 690 2833 suscipiat
701 2767 732 2817 et
743 2765 839 2835 gerat,
854 2776 946 2833 quam
961 2759 1048 2816 resti-

193 2847 294 2898 tuatur
309 2842 340 2898 in
354 2842 585 2915 possessionem
605 2858 713 2898 eorum
733 2840 880 2910 omnium,
900 2857 978 2912 quae
993 2857 1048 2896 sua

193 2929 262 2979 sunt
275 2922 305 2978 in
316 2939 415 2996 regno
425 2921 673 2992 universoNam,
681 2920 755 2978 dum
763 2920 885 2977 licuerit
893 2920 949 2976 sibi
962 2937 1049 2994 eges-

192 3008 285 3059 tatem
301 3001 443 3078 allegare,
462 3002 546 3075 prius
569 3019 677 3059 omnes
699 2999 738 3057 ad
759 3001 896 3057 ultimam
912 3001 1047 3073 inopiam

192 3082 377 3158 redigemur,
386 3100 478 3154 quam
487 3082 721 3140 necessitatibus
729 3081 884 3158 regiarum
892 3081 1048 3137 actionum

192 3162 358 3220 satisfiatet
366 3179 435 3220 cum
443 3162 542 3232 nobis,
551 3161 702 3235 quodiam
711 3161 829 3231 demuS,
838 3179 901 3217 non
910 3161 976 3231 erit,
982 3161 1049 3234 plu-

191 3243 274 3299 rimis
286 3249 389 3314 tamen
402 3243 468 3317 ipse
482 3241 641 3318 indigebit.
650 3242 691 3298 Et
698 3240 830 3316 proinde
841 3248 884 3312 ut,
893 3241 979 3314 quod
987 3259 1050 3296 ma-

191 3323 272 3379 iores
288 3323 386 3380 nostri
398 3322 534 3392 voluere,
546 3323 633 3398 regio
644 3321 761 3378 nomini
774 3323 878 3396 regiae
889 3320 992 3378 adsint
1005 3320 1049 3377 fa-

192 3402 332 3473 cultates,
343 3421 421 3476 quae
435 3401 696 3477 oportunitatibus
704 3401 942 3475 quibuscunque
951 3419 1049 3458 emer-

193 3483 338 3558 gentibus
353 3482 517 3553 sufficiant,
533 3490 563 3539 et
575 3500 638 3540 non
650 3499 774 3556 semper
785 3482 815 3537 in
830 3482 962 3556 publicis
978 3499 1048 3538 eau-

193 3564 233 3620 sis
245 3563 285 3620 ad
296 3563 431 3637 privatas
440 3581 516 3636 opes
526 3561 696 3637 confugere
708 3579 869 3637 cogamur:
882 3569 1046 3634 antequam

192 3642 231 3700 de
239 3642 379 3719 gerendo
388 3642 471 3701 bello
480 3649 597 3718 agatur,
605 3641 840 3699 deliberandum
848 3659 972 3711 censeo,
985 3659 1046 3714 quo

193 3730 295 3797 pacto,
303 3723 495 3780 absolvendo
504 3729 626 3780 nosmet
639 3723 722 3796 ipsos
734 3729 822 3779 atam
831 3721 984 3795 frequenti
996 3721 1048 3777 tri-

192 3804 336 3861 butorum
350 3804 510 3877 pensione,
530 3803 596 3878 regi
612 3803 828 3859 necessitatem
844 3803 1048 3878 iniungamus‚

192 3891 226 3940 ut
238 3901 295 3958 per
309 3882 470 3940 facultates
491 3901 561 3940 suas
576 3883 701 3956 publica
714 3882 852 3955 pericula
866 3882 1048 3955 propulsen-

193 3971 269 4021 tur«.
280 3964 326 4020 Ea
337 3982 409 4035 vox,
420 3970 454 4020 ut
465 3964 529 4039 regi
542 3970 639 4039 grata,
655 3963 696 4020 ita
707 3961 858 4039 Gregorio
871 3962 983 4019 multos
996 3961 1049 4019 ad-

192 4061 297 4102 versos
316 4043 399 4114 fecit,
411 4061 543 4116 quorum
562 4044 654 4100 etiam
673 4043 842 4099 simultates
862 4041 1047 4100 crediderim

193 4141 304 4202 magna
319 4132 461 4198 exparte
477 4125 578 4198 ipsum
593 4142 610 4180 a
625 4123 784 4198 republica
800 4123 974 4180 retraxisse.
