3240 5478
240 960 323 1033 piam
338 959 464 1035 ingenio
476 958 668 1035 contigisset,
682 959 784 1033 potuit
798 977 919 1018 errores
935 959 1100 1019 inextrica-

241 1039 319 1098 biles
341 1045 373 1098 et
391 1039 528 1098 iacturae
546 1039 657 1114 plenos
681 1039 762 1098 inter
784 1039 931 1098 mortales
955 1041 1103 1101 excitare.¹

161 1143 165 1156 ·
240 1120 311 1178 Fuit
325 1120 418 1178 etiam
440 1119 482 1177 illi
502 1117 650 1177 naturalis
669 1119 796 1194 quidam
810 1121 938 1179 affectus
953 1121 993 1179 ad
1008 1123 1101 1180 musi·

241 1219 319 1272 cam,
333 1201 383 1259 cui
398 1199 628 1274 propemodum
647 1206 737 1258 natus
752 1200 925 1274 videbatur,
944 1201 1097 1275 siquidem

241 1280 1099 1356 percipiendisdisciplinaeilliusmodipraeceptionibus

242 1363 367 1438 ingenio
379 1360 613 1436 promptissimo
625 1368 703 1419 erat:
717 1361 756 1420 ad
767 1361 1012 1420 modulationem
1023 1381 1098 1422 vero

240 1460 351 1500 vocem
363 1442 498 1500 habebat
509 1441 779 1518 elegantissimam,
793 1443 911 1517 quippe
925 1442 1056 1501 solidam
1068 1450 1100 1503 et

241 1522 545 1596 sonoram,etinqua
553 1522 727 1580 nonminus
735 1523 893 1580 suavitatis
901 1529 993 1594 esset,
1004 1541 1097 1597 quam

241 1602 425 1677 splendoris.
439 1603 485 1660 Ea
500 1620 549 1660 res
563 1602 703 1676 plurimis
718 1603 750 1660 in
761 1603 839 1661 locis
850 1621 964 1680 magno
975 1603 1044 1662 usui
1056 1604 1098 1663 illi

241 1683 340 1745 cessit,
354 1690 385 1740 et
404 1682 524 1741 honori.
545 1682 626 1740 Nam
644 1701 724 1757 quos
744 1684 775 1740 in
797 1683 1032 1743 admirationem
1051 1686 1098 1742 sui

241 1771 370 1838 propter
380 1763 583 1821 litteraturam
595 1781 660 1821 non
671 1763 862 1837 adduxisset,
876 1764 996 1822 musica
1006 1771 1099 1823 attra-

239 1843 408 1902 hebat.Sed
417 1843 556 1918 inprimis
564 1842 988 1904 redeuntiCracoviamvocis
996 1845 1099 1920 splen-

240 1924 298 1982 dor
309 1941 345 1982 ac
357 1923 538 1982 modulandi
551 1924 763 1998 ratioproiuit.
770 1924 912 1998 Namque
924 1925 964 1984 ad
976 1925 1008 1984 id
1019 1932 1097 1986 tem·

238 2022 296 2078 pus
304 2023 341 2063 ea
349 2004 457 2063 civitas
465 2003 844 2080 theologiaepotissimum
853 2005 967 2078 dedita,
976 2006 1097 2064 omissis

240 2085 304 2143 fere
319 2085 431 2143 ceteris
452 2084 623 2159 disciplinis
643 2085 830 2156 liberalibus,
849 2086 998 2144 musicam
1017 2087 1098 2145 inter

238 2166 338 2239 prima
352 2165 496 2236 ducebat,
510 2165 597 2224 cuius
612 2165 746 2224 maxime
761 2183 857 2240 opera
867 2165 990 2224 divinae
1001 2167 1098 2225 caeri-

239 2246 362 2304 moniae
376 2264 470 2320 quam
480 2245 672 2304 sollemniter
682 2252 933 2320 procurarentur.
946 2247 1053 2321 Itaque
1065 2248 1096 2306 in

240 2327 307 2400 ipso
319 2326 407 2384 initio
419 2326 536 2384 reditus
548 2326 594 2384 sui
606 2325 759 2402 Gregorio
770 2327 936 2401 plurimum
947 2327 986 2385 ab
999 2328 1098 2385 omni-

238 2408 296 2466 bus
312 2405 480 2466 Cracoviae
494 2407 696 2478 tribuebatur,
710 2407 783 2480 quia
797 2425 834 2465 ea
844 2407 876 2463 in
887 2414 953 2465 arte
964 2408 1098 2466 excelle·

239 2488 300 2561 bat,
315 2488 403 2546 cuius
418 2487 600 2562 praesertim
615 2487 719 2545 studio
734 2486 842 2545 civitas
856 2493 1023 2557 teneretur.
1038 2487 1097 2547 Ce-

239 2575 339 2626 terum
359 2567 409 2626 ille
429 2585 504 2625 mox
523 2585 636 2625 novam
657 2567 697 2625 de
712 2587 746 2626 se
760 2567 997 2626 admirationem
1012 2570 1095 2643 apud

240 2667 347 2707 omnes
363 2648 518 2707 excitavit,

238 2747 280 2847 H
314 2727 427 2804 Coepit
441 2729 524 2786 enim
535 2728 705 2786 Bucolicon
717 2745 843 2786 carmen
854 2728 919 2786 Ver
942 2729 983 2786 ilii
994 2729 1096 2803 publi-

285 2826 296 2848 ·
314 2810 393 2868 citus
405 2808 610 2884 interpretari,
621 2808 708 2866 cuius
721 2806 775 2886 [et]
791 2826 906 2866 nomen
919 2747 962 2886 {t
973 2808 1093 2887 auctor]

239 2888 278 2946 ad
293 2908 362 2948 earn
378 2889 460 2947 diem
472 2896 560 2947 extra
572 2889 711 2947 omnium
723 2889 863 2947 notitiam
876 2907 912 2946 ea
923 2890 954 2947 in
966 2890 1094 2965 regione

236 2969 347 3028 suerat.
362 2968 467 3028 Tanto
482 2970 586 3043 itaque
602 2987 757 3028 consensu
773 2969 894 3028 novitas
909 2970 953 3026 rei
968 2969 1007 3027 ad
1023 2987 1094 3027 eum

239 3049 428 3108 audiendum
449 3049 592 3107 homines
611 3050 746 3121 attraxit,
765 3056 799 3107 ut
817 3067 910 3107 nemo
925 3049 1026 3122 fuerit,
1040 3051 1093 3124 qui

238 3130 333 3189 modo
349 3129 466 3188 litteras
477 3136 594 3202 nosset,
608 3131 660 3204 qui
673 3147 736 3188 non
747 3129 787 3187 ad
800 3129 895 3203 ipsius
906 3129 1093 3189 auditorium

237 3211 427 3269 conveniret
448 3209 518 3269 Una
539 3217 605 3268 erat
622 3228 686 3268 vox
705 3211 785 3267 inter
804 3227 913 3268 omnes
932 3210 1093 3283 litteratos,

237 3298 311 3349 tunc
326 3291 461 3365 primum
480 3291 523 3347 eis
543 3291 647 3348 lumen
663 3290 808 3363 illuxisse,
830 3291 917 3348 cuius
938 3291 1092 3350 beneficio

237 3371 277 3429 ad
291 3389 399 3429 verum
415 3372 474 3429 iter
487 3371 649 3430 doctrinae
663 3370 937 3446 progrederentur,
952 3389 1024 3429 cum
1039 3390 1093 3429 an-

237 3458 296 3523 tea,
311 3452 409 3510 deviis
428 3452 585 3510 erroribus
608 3451 756 3525 impliciti,
778 3451 867 3510 citius
887 3469 1093 3510 consenesce-

237 3539 315 3604 rent,
333 3550 426 3605 quam
445 3532 484 3590 ad
503 3532 644 3590 laborum
663 3549 789 3589 suorum
808 3532 943 3590 fructum
957 3532 1091 3606 aliquem

237 3611 389 3671 discendo
412 3613 619 3686 pervenirent.
646 3612 765 3670 Primus
785 3613 889 3685 itaque
908 3612 1035 3670 sordem
1054 3629 1091 3670 ac

237 3693 423 3766 squalorem,
441 3711 534 3767 quem
554 3693 743 3750 recentiores
762 3692 954 3769 grammatici
969 3691 1092 3750 discen-

236 3773 312 3830 tium
327 3773 459 3849 ingeniis
475 3772 657 3843 offuderant‚
679 3771 843 3849 detergere
859 3790 957 3844 orsus,
971 3772 1089 3830 cultum

236 3871 272 3912 ac
294 3853 493 3927 splendorem
515 3852 659 3926 antiquae
679 3853 827 3910 orationis
849 3851 1031 3911 Cracoviam
1046 3854 1091 3910 in-

237 3933 334 4005 duxit,
348 3940 435 3991 tanto
450 3933 588 3991 omnium
599 3933 714 4003 favore,
729 3939 841 3990 utnon
856 3931 952 3990 modo
967 3939 1091 4006 praeter

237 4031 332 4087 spem,
351 4013 407 4072 sed
426 4015 519 4071 etiam
539 4019 663 4087 praeter
681 4013 872 4071 voluntatem
891 4031 977 4070 suam
999 4013 1091 4072 fuerit

236 4113 309 4153 mox
324 4097 356 4152 in
370 4094 540 4170 disciplinis
555 4094 732 4152 liberalibus
747 4094 893 4171 magister
907 4093 1091 4167 declaratus,
