3240 5478
196 853 402 883 Ww
418 856 438 862 .,
440 854 510 864 Μ
523 855 546 864 W
854 785 930 834 FOL·
949 786 1050 835 XXVII

233 870 296 884 ‘vum
303 869 383 884 *ww
383 855 595 884 ΑκΛνκΛιννννΰ
597 854 656 883 ζΝζζ
657 855 763 883 muru
789 871 998 885 wsvwvvvw
999 857 1046 886 zm

197 997 265 1056 inde
279 998 355 1068 fieri,
375 997 460 1070 quod
479 997 556 1055 aliae
575 997 725 1056 ecclesiae
744 1016 853 1072 parum
872 998 1050 1073 frequenta-

195 1085 308 1146 rentur,
327 1078 403 1135 dum
423 1077 554 1150 quisque
574 1095 724 1135 novarum
743 1096 847 1136 rerum
861 1079 969 1137 avidus
985 1097 1049 1138 non

195 1166 255 1214 tam
270 1158 421 1234 religione
436 1158 549 1215 ductus
565 1177 657 1232 quam
676 1159 775 1235 gratia
789 1160 956 1233 spectaculi
973 1177 1051 1218 con·

196 1239 302 1296 flueret
316 1239 397 1309 illue,
411 1240 592 1312 praesertim
605 1239 636 1295 in
647 1239 747 1296 Natali
760 1238 872 1298 Christi
888 1258 1048 1314 exponen·

195 1319 274 1376 tibus
290 1319 349 1376 illis
364 1319 394 1376 in
410 1319 542 1392 ecclesia
553 1321 666 1377 bovem
677 1327 770 1393 atque
782 1321 901 1377 asinum
917 1327 948 1377 et
962 1339 1051 1394 prae-

195 1400 293 1473 saepis
309 1399 506 1456 simulacrum
525 1417 596 1456 cum
610 1401 777 1474 puerperio
791 1433 831 1442 -
846 1407 877 1458 et
891 1402 990 1473 vobin,
1005 1401 1051 1458 in·

195 1481 268 1552 quit,
282 1480 392 1537 eadem
403 1479 507 1551 licent,
518 1497 563 1551 ac,
575 1481 599 1537 si
612 1479 695 1551 libet,
710 1487 852 1555 pastores
863 1488 894 1538 et
906 1500 980 1538 oves
992 1483 1051 1540 cir-

194 1577 261 1616 cum
283 1560 474 1617 exsultantes
494 1560 608 1618 addite.
634 1561 710 1634 Quis
730 1562 812 1618 enim
833 1562 978 1636 prohibet
997 1569 1050 1619 aut

193 1647 276 1697 certe
290 1640 457 1714 prohibere
472 1640 567 1698 debet
577 1642 718 1699 homines
730 1659 916 1715 quacunque
930 1643 1050 1699 ratione

194 1721 231 1778 ad
245 1721 394 1795 pietatem
410 1727 442 1778 et
455 1720 665 1805 religionem'
659 1723 719 1778 mvi
723 1723 789 1794 tari,
809 1741 901 1795 quam
917 1723 1011 1779 mihi
1005 1742 1051 1779 rn-

194 1802 298 1859 hibere
317 1801 493 1859 <iubetis>.

194 1899 362 2000 XLIV
392 1881 465 1952 Εοε,
477 1900 528 1954 qur
522 1882 729 1956 reipublicae
747 1882 955 1954 consulerent,
966 1883 1051 1940 dice-

365 1977 376 2000 ·
393 1962 447 2019 hat
462 1969 607 2036 oportere
616 1980 724 2020 omnes
733 1969 871 2020 aciones
880 1982 951 2020 suas
961 1964 990 2020 in
1003 1982 1050 2021 re-

195 2042 309 2117 ligione
322 2041 466 2100 fundare:
483 2043 556 2099 nihil
572 2042 729 2100 efficacius
744 2043 783 2100 ad
799 2043 971 2119 regendum
986 2044 1052 2101 vul-

193 2141 248 2198 gus
264 2141 357 2196 quam
372 2123 590 2197 persuasiones
611 2123 651 2181 de
672 2124 765 2181 rebus
787 2123 909 2195 divinis
923 2124 1049 2198 publice

194 2210 365 2277 susceptas;
379 2204 645 2277 humanorumque
653 2205 808 2261 honorum
816 2204 856 2262 ad
867 2204 1050 2279 religionem

195 2283 276 2341 nulla
286 2285 443 2358 pertinere
455 2290 578 2358 praeter
589 2285 648 2355 illa,
657 2302 736 2358 quae
745 2285 775 2341 in
784 2285 888 2343 animo
901 2286 959 2341 sita
970 2293 1049 2342 sunt.

195 2364 254 2422 Sed
262 2371 294 2421 et
301 2363 341 2420 ad
348 2363 480 2422 tuendas
489 2364 780 2438 conservandaeque
788 2366 979 2438 respublicas
988 2384 1052 2422 ma-

195 2445 290 2502 iorem
304 2444 368 2501 vim
387 2463 455 2502 esse
474 2445 504 2501 in
525 2445 628 2502 animo
648 2462 740 2517 quum
760 2445 790 2501 in
806 2463 948 2519 corpore.
966 2444 1051 2502 Ami-

195 2525 280 2582 citias
300 2525 366 2582 illas
385 2543 453 2582 esse
473 2525 691 2596 sanctissimas
711 2542 787 2598 quas
806 2526 997 2599 hospitalitas
1020 2533 1051 2582 et

195 2621 300 2662 mensa
311 2605 535 2675 coniunxisset,
549 2605 739 2662 firmissimas
750 2623 835 2675 ver0,
846 2624 922 2678 quus
934 2606 1052 2662 studio-

195 2702 260 2742 rum
269 2703 453 2758 morumque
462 2685 640 2742 similitudo.
648 2685 765 2761 Legum
774 2685 975 2743 fundamenta
987 2704 1049 2743 non

198 2766 226 2822 in
242 2766 356 2822 iustitia
371 2766 532 2837 collocata,
547 2765 603 2822 sed
619 2766 650 2823 in
665 2766 795 2823 utilitate
815 2767 900 2822 iuxta
918 2766 1052 2840 populo·

194 2864 260 2902 rum
273 2846 445 2920 opiniones
460 2846 539 2902 Nam
551 2846 576 2902 si
588 2865 629 2903 ex
639 2847 771 2904 iustitiae
782 2846 869 2903 sonte
880 2854 1051 2917 manarent,

195 2943 263 2984 cum
283 2926 398 2983 iustitia
423 2927 489 3001 ipsa
513 2945 575 2984 una
596 2927 635 2983 sit
656 2933 749 2999 atque
771 2927 890 2998 eadem,
911 2944 982 2984 cum
1004 2945 1051 2983 ra-

196 3008 279 3064 tione
290 3007 348 3064 sibi
365 3013 496 3064 <esset>
513 3014 544 3064 et
555 3009 730 3064 constantia
747 3013 899 3081 perpetuo
919 3024 1052 3065 consen-

195 3087 282 3158 tiens,
297 3087 434 3160 nihilque
446 3087 504 3144 illis
517 3087 589 3145 addi
601 3087 640 3144 ad
652 3086 826 3162 augendam
838 3087 994 3159 virtutem,
1006 3088 1051 3144 ni·

195 3167 234 3224 hil
249 3167 342 3237 demi,
357 3168 523 3240 quominus
535 3168 631 3224 virtus
643 3168 691 3238 sit,
707 3174 813 3240 queat;
829 3167 911 3225 idem
927 3186 1051 3242 semper

195 3247 276 3321 apud
292 3265 401 3305 omnes
416 3254 469 3304 aut
488 3248 602 3305 iustum
622 3254 704 3306 esset
725 3255 778 3304 aut
792 3248 949 3319 iniustum,
964 3248 1050 3321 quod

195 3327 286 3404 longe
302 3345 392 3385 secus
407 3334 463 3384 est.
478 3328 556 3385 Nam
568 3329 651 3402 apud
666 3328 803 3386 diversas
819 3335 929 3403 gentes
944 3327 984 3385 de
999 3347 1051 3386 eo-

195 3407 264 3465 dem
280 3409 409 3466 crimine
424 3409 512 3465 aliter
523 3415 671 3465 statutum
684 3409 779 3465 scitur
794 3415 825 3464 et
839 3427 907 3465 esse
923 3416 985 3466 tam
998 3409 1051 3481 qui

196 3486 328 3560 laudent,
343 3506 436 3561 quam
451 3489 504 3561 qui
518 3490 649 3562 puniant
659 3488 782 3546 furtum.
798 3488 859 3546 Sed
874 3496 905 3545 et
919 3489 1050 3546 eandem

195 3569 348 3626 civitatem
361 3569 420 3626 alio
433 3569 555 3642 alioque
566 3576 707 3642 tempore
719 3570 749 3625 in
762 3587 823 3625 una
834 3574 927 3642 atque
941 3569 1050 3626 eadem

196 3667 227 3706 re
242 3650 331 3707 aliter
352 3650 504 3721 sanxisse;
525 3649 727 3722 quotidieque
749 3649 834 3724 leges
856 3667 953 3706 novas
969 3648 1050 3720 lerri,

194 3737 313 3787 veteres
325 3730 478 3805 abrogari.
490 3730 577 3803 Quae
590 3730 693 3786 omnia
705 3729 820 3787 indicio
832 3747 900 3786 esse
912 3747 976 3785 non
988 3748 1051 3786 ma-

196 3811 240 3884 gis
255 3811 295 3868 de
310 3810 425 3867 iustitia
439 3811 470 3866 in
486 3810 606 3885 legibus
621 3810 726 3866 haberi
738 3811 890 3866 rationem
906 3810 1052 3882 quamde

196 3891 343 3965 temporis
358 3907 523 3963 rerumque
543 3907 579 3947 ac
599 3889 739 3947 locorum
761 3897 792 3946 et
810 3889 923 3946 civium
943 3890 1051 3947 condi-

198 3971 295 4042 cione,
310 3988 346 4027 ac
361 3970 493 4044 proinde
508 3971 598 4028 utiles
614 3987 677 4026 non
693 3976 796 4026 autem
812 3971 906 4026 iustas
921 3987 989 4026 esse
1004 3970 1050 4027 di-

198 4050 319 4108 cendas.
347 4050 512 4109 Oratorem
533 4068 607 4108 vero
630 4049 848 4108 iurisconsulto
870 4067 907 4106 ea
928 4051 1048 4108 ratione

197 4130 442 4206 praeferendum,
463 4131 548 4206 quod
568 4137 681 4202 orator,
700 4131 792 4188 etiam
812 4130 864 4187 ubi
884 4129 969 4208 leges
985 4149 1048 4189 non
