3240 5478
907 834 982 886 FOL.
1001 834 1077 885 XXII

221 1053 404 1118 numeraret,
419 1065 521 1120 neque
537 1047 625 1105 aliter
638 1065 732 1121 quam
747 1047 913 1124 diligenter
928 1049 1076 1123 inspectis

221 1125 430 1200 dimensisque
454 1127 548 1184 rebus
573 1127 702 1204 singulis
727 1130 958 1202 promptuariae
980 1129 1077 1186 cellae

220 1207 377 1280 praefecto
392 1207 550 1265 credebat.
565 1207 658 1282 Quod
673 1208 799 1282 quidem
810 1208 921 1284 vulgus
933 1210 1077 1267 avaritiae

223 1288 386 1359 tribuebat,
401 1305 461 1363 ego
477 1287 673 1362 ascripserim
684 1289 796 1361 quietis
808 1288 924 1347 studio:
941 1290 1075 1362 namqui

222 1366 411 1425 iuventutem
427 1367 516 1425 facile
532 1369 688 1443 corrumpi
704 1369 806 1440 sciret,
827 1369 879 1428 ubi
895 1369 953 1427 sub
968 1370 1075 1427 laxiori

221 1447 566 1522 disciplinahaberetur,
581 1448 707 1506 videbat
722 1449 868 1520 futurum,
887 1450 944 1506 nisi
956 1458 1019 1507 tam
1031 1467 1078 1506 ar-

220 1525 337 1586 tissima
351 1529 535 1604 frugalitatis
550 1546 659 1587 norma
670 1536 794 1603 paratos
806 1529 845 1586 ad
855 1530 1006 1586 luxuriam
1014 1531 1077 1587 ani·

220 1625 286 1665 mos
295 1616 466 1681 coerceret,
473 1616 507 1666 ut
518 1628 575 1683 per
587 1610 855 1683 intemperantiam
868 1611 950 1667 omni
960 1628 1075 1686 genere

219 1688 465 1761 inquietudinum
481 1689 592 1747 domus
604 1689 825 1763 compleretur,
841 1708 933 1763 quam
949 1709 1013 1748 rem
1028 1697 1076 1747 ut-

218 1776 291 1842 pote
303 1776 431 1826 naturae
443 1788 516 1827 suae
525 1769 771 1827 adversissimam
779 1770 888 1841 vitans,
900 1789 963 1828 non
975 1770 1074 1830 solum

218 1847 377 1924 frugaliter
391 1851 525 1908 habebat
535 1849 618 1925 apud
629 1869 662 1907 se
674 1848 847 1922 familiares,
862 1869 968 1908 verum
983 1852 1075 1909 etiam

218 1928 256 1985 ad
271 1929 468 1987 serviendum
484 1931 542 1988 sibi
557 1930 674 1987 nullum
689 1930 855 2004 aliquando
870 1930 1001 2004 admisit,
1022 1932 1074 2004 qui

220 2008 415 2084 disciplinam
430 2028 494 2068 non
509 2011 695 2068 toleraturus
710 2018 881 2085 appareret.
1068 2075 1071 2081 ,

218 2103 392 2207 XXXI
434 2090 566 2148 Dicebat
588 2109 681 2164 saepe
703 2091 867 2148 familiares
889 2091 1072 2149 nutriendos

398 2186 408 2208 ·
434 2172 512 2241 usui,
524 2189 586 2228 non
599 2172 811 2244 ostentatio‘nn
824 2189 878 2228 eos
889 2189 963 2230 vero
975 2173 1075 2229 vanis-

216 2248 313 2307 simos
329 2249 469 2308 homines
485 2269 562 2322 esse,
582 2252 644 2324 qui,
663 2258 696 2308 ut
717 2251 791 2309 foris
807 2269 921 2326 magno
937 2268 1006 2310 cum
1022 2269 1074 2325 ap-

218 2336 326 2402 paratu
342 2348 502 2388 servorum
522 2331 713 2402 incederent,
731 2339 855 2405 praeter
869 2331 911 2403 id,
930 2331 1016 2405 quod
1031 2332 1074 2389 fa-

219 2410 348 2467 cultates
360 2429 431 2468 suas
443 2412 648 2485 intemperato
660 2419 691 2470 et
702 2412 845 2470 insolenti
855 2413 966 2485 cuique
978 2430 1074 2486 expo-

219 2497 329 2548 nerent
346 2491 440 2548 veluti
461 2491 664 2566 diripiendas,
682 2492 767 2550 domi
786 2499 849 2549 tam
868 2492 964 2549 multa
982 2491 1074 2549 foeda

218 2577 407 2643 paterentur,
418 2579 452 2629 ut
463 2571 644 2647 degentium
656 2573 687 2629 in
699 2573 829 2630 honesta
840 2573 986 2630 servitute
998 2572 1074 2628 mul-

218 2656 251 2707 to
265 2651 370 2724 potior
384 2652 526 2710 habenda
546 2653 585 2710 sit
599 2651 752 2724 condicio,
772 2671 864 2726 quam
884 2670 1000 2723 eorum,
1021 2653 1072 2725 qui

218 2731 294 2787 tales
310 2730 474 2789 famulatus
494 2751 550 2806 per
564 2733 763 2791 ambitionem
784 2733 865 2790 alere
886 2750 921 2790 ac
941 2732 1073 2790 tolerare

218 2819 426 2884 perseverant.
440 2811 509 2886 lpse
524 2813 740 2888 interrogatus,
759 2831 854 2886 quare
869 2829 1008 2883 numer0,
1022 2831 1074 2869 ve-

218 2897 264 2948 ste
279 2909 316 2949 ac
331 2899 437 2950 cetero
452 2899 562 2949 ornatu
575 2893 751 2950 inferiorem
763 2893 906 2950 omnibus
918 2893 1073 2966 episeopis

204 2969 363 3029 familiam
379 2971 525 3030 haberet?
540 3007 578 3014 —
594 2974 674 3046 quia,
691 2973 799 3046 inquit,
814 2989 975 3030 servorum
990 2990 1074 3030 meo·

218 3069 286 3108 rum
301 3070 409 3109 servus
424 3070 492 3110 esse
508 3071 566 3111 nec
581 3054 653 3111 volo
669 3070 727 3110 nec
741 3071 879 3127 possum,
901 3052 956 3111 sed
977 3059 1008 3110 et
1026 3071 1073 3110 sa-

217 3132 277 3189 tius
298 3132 329 3189 in
348 3133 565 3206 qualicumque
591 3133 786 3207 simplicitate
809 3133 966 3192 contemni
987 3141 1073 3207 puto,

218 3230 311 3286 quam
325 3220 476 3286 perpetua
496 3214 690 3271 simulatione
709 3213 856 3286 torqueri.
877 3213 1016 3287 Eamque
1032 3214 1073 3271 ob

218 3310 352 3364 causam,
375 3294 467 3350 etiam
487 3300 652 3368 postquam
672 3312 728 3367 per
747 3293 908 3352 facultates
928 3294 1073 3364 licuisset,

217 3391 376 3446 nunquam
388 3373 553 3431 mediocris
561 3374 703 3432 fortunae
711 3373 895 3431 modestiam
903 3381 1073 3449 transgres-

217 3471 269 3510 sus
284 3460 332 3511 est
346 3461 399 3510 aut
413 3453 609 3511 multitudine
631 3472 667 3511 ac
687 3453 848 3512 nobilitate
869 3453 1000 3511 familiae
1020 3461 1073 3510 aut

218 3533 386 3607 'splendore
402 3533 663 3605 indumentorum,
685 3534 796 3607 quibus
811 3535 860 3591 vel
875 3552 908 3591 se
923 3534 971 3591 vel
987 3533 1072 3591 sami-

216 3613 306 3671 liares
319 3621 493 3685 exornaret,
504 3633 576 3671 nam
588 3633 712 3672 mensae
720 3632 756 3671 ac
765 3615 900 3688 reliquae
912 3615 955 3671 rei
967 3613 1074 3670 dome-

217 3694 313 3752 sticae
321 3693 536 3769 frugalitatem,
547 3713 640 3768 quam
649 3695 680 3750 in
688 3695 819 3768 simplici
828 3693 1002 3751 sacerdotio
1014 3694 1071 3751 sibi

217 3774 273 3847 ipsi
287 3773 450 3846 indixerat,
462 3793 618 3848 nunquam
630 3774 768 3846 mutavit,
779 3774 834 3832 sed
845 3792 943 3847 usque
954 3773 993 3830 ad
1004 3774 1074 3830 ulti-

217 3872 301 3910 mum
316 3862 439 3928 tempus
454 3855 512 3912 sub
527 3854 636 3912 eadem
651 3855 857 3928 parsimoniae
876 3871 985 3911 norma
1003 3872 1073 3927 per-

217 3935 377 3991 severavit.
393 3934 527 3992 Volebat
541 3935 633 3991 animi
649 3935 740 3992 bonis
752 3942 783 3993 et
794 3934 919 3991 dotibus
933 3931 1008 4010 [non
1020 3952 1072 3990 au-

216 4021 280 4071 tem
288 4011 443 4092 fortunae]
452 4013 605 4086 admirari,
613 4033 719 4072 eorum
729 4033 803 4072 vero
812 4014 1070 4072 existimationem

216 4095 325 4168 parieti
341 4094 462 4153 caduco
478 4096 615 4152 innixam
630 4096 767 4168 putabat,
788 4095 840 4168 qui
863 4093 989 4152 laudum
1004 4112 1071 4151 sua-

217 4192 284 4232 rum
299 4175 394 4232 veluti
409 4175 645 4233 fundamentum
660 4174 802 4232 fortunae
822 4192 898 4248 opes
914 4174 1070 4232 haberent.
