3240 5478
513 778 720 863 eRAEsATlo.

522 850 787 863 ΛΑΛΛΛΛΛΛΛΛΛΛΛΛΛ
790 850 965 862 mmm
1254 851 1265 860 ἢ
1268 850 1367 864 ΑΛΛΛΛΙ

516 868 653 882 κΛΛΝκκΛΛ.
849 868 934 880 &tvvm-x
1147 868 1217 881 ΛΛΛΛ
1220 868 1370 882 ΑΛΛἉΛΛΛΜ

514 993 717 1070 ponendum?
744 993 812 1050 Iam
833 992 872 1050 de
890 991 950 1049 hac
968 993 1126 1050 renerius
1144 1000 1175 1049 et
1184 993 1373 1069 prudentius

516 1071 670 1131 disserere
684 1073 796 1141 liceret,
811 1073 842 1130 si
854 1073 967 1141 omnia,
983 1091 1063 1148 quae
1075 1074 1245 1150 scripserat
1261 1075 1371 1148 Grego-

516 1153 594 1222 rius,
603 1153 755 1210 iniuriam
764 1160 929 1230 temporum
941 1153 1114 1216 evolassent,
1127 1154 1193 1212 Sed
1200 1155 1372 1228 aegerrime

506 1234 649 1310 ferenda
665 1241 711 1290 est
723 1233 845 1290 iactura
864 1233 1041 1291 »Historiae
1054 1234 1093 1291 de
1107 1235 1280 1291 evocatione
1303 1235 1371 1292 Vla-

516 1313 617 1371 dislai
635 1314 718 1387 regis
733 1313 779 1371 ad
790 1332 920 1387 regnum
941 1314 1102 1388 ngariae
1116 1334 1153 1371 ac
1168 1315 1236 1371 eius
1249 1315 1372 1391 expedi-

516 1393 650 1451 tionibus
661 1400 767 1451 eoutra
783 1395 923 1464 lurcos«,
938 1413 1031 1470 quam
1043 1394 1161 1452 duobus
1172 1393 1285 1452 libellis
1300 1402 1373 1451 teste

521 1473 710 1532 Callimacho
729 1482 943 1532 enarraverat.
970 1474 1077 1532 Oculis
1095 1475 1189 1532 etiam
1204 1474 1372 1532 subductus

517 1562 564 1611 est
575 1555 679 1627 codex,
693 1555 750 1631 qui
763 1555 831 1611 eius
848 1554 1039 1623 »Orationes
1060 1555 1204 1631 epistolas
1217 1562 1248 1611 et
1260 1555 1372 1613 carmi-

519 1653 578 1691 na‹
604 1642 732 1692 exeunte
746 1635 782 1692 X
787 1635 815 1693 V.
830 1654 909 1692 saec.
933 1635 965 1691 iu
981 1636 1096 1711 parvis
1106 1635 1203 1711 foliis
1225 1642 1372 1693 exaratas

517 1715 697 1773 continebat.
718 1715 869 1792 Reliqua,
892 1716 1029 1772 nuncin
1051 1715 1202 1772 indicium
1223 1715 1371 1783 vocanda,

505 1795 665 1872 frustula,
678 1795 754 1872 quin
766 1796 858 1852 etiam
868 1795 997 1852 disiecta
1009 1795 1146 1853 membra
1157 1796 1371 1873 appellaveris.

593 1895 631 1933 no
646 1874 810 1953 epitaphia,
835 1874 988 1934 Vladislai
1007 1876 1175 1949 sagellouzs
1189 1883 1219 1933 et
1232 1875 1372 1953 Sophiae,

589 1956 738 2014 Poloniae
751 1956 886 2029 reginae,
902 1974 953 2012 an.
966 1969 1051 2033 1454
1066 1963 1097 2013 et
1108 1952 1192 2033 1461
1203 1956 1374 2034 composita,

518 2039 564 2096 ita
574 2044 650 2096 suut
658 2043 844 2113 comparata,
853 2043 889 2092 ut
897 2035 999 2094 verbis
1006 2035 1375 2113 etsenteutiishabituque

518 2125 574 2176 toto
589 2117 690 2191 magis
703 2123 800 2173 artem
812 2117 911 2174 medio
923 2135 998 2174 aevo
1009 2117 1164 2185 usitatam,
1180 2136 1273 2193 quam
1279 2125 1373 2194 prae·

517 2205 603 2275 cepta
614 2198 858 2255 instauratornm
874 2197 1070 2273 antiquitatis
1079 2203 1259 2274 sequantur.
1273 2198 1373 2254 Silen-

516 2279 557 2336 tio
572 2297 632 2336 nou
640 2276 914 2354 praetereundum,
937 2278 1102 2334 iuvenilem
1126 2285 1288 2346 auctorem,
1304 2296 1372 2335 cum

518 2359 699 2435 defunctum
716 2356 907 2415 Vladcslanm
916 2357 1022 2415 Pierio
1033 2359 1119 2415 modo
1130 2358 1265 2414 laudare
1275 2357 1374 2427 ,huuc

521 2439 639 2497 avitum
655 2456 767 2495 morem
783 2437 924 2506 tenuisse,
947 2438 1119 2515 ntsaepius
1133 2438 1234 2496 leouin
1262 2482 1271 2506 ‚
1294 2457 1375 2515 quae

521 2519 645 2587 dicitnr,
661 2517 861 2576 consonantia
875 2517 1008 2576 disticha
1027 2519 1210 2595 inquinasse
1230 2537 1290 2576 non
1304 2537 1374 2575 eru-

520 2598 659 2657 besceret.
674 2598 723 2655 Ita
738 2616 810 2655 vero
824 2598 998 2656 desinentia
1011 2598 1204 2656 hemistichia
1219 2598 1374 2672 (rubuitw

512 2678 804 2758 fuit,·fideim'Dei,·
817 2678 1123 2753 abuuereaehabere)
1138 2679 1171 2736 in
1187 2680 1374 2737 renascenti-

519 2759 576 2817 bus
590 2759 701 2817 litteris
701 2759 850 2835 furcillis
860 2766 953 2816 eraut
961 2759 1109 2817 eiciendo.
1121 2758 1264 2817 Attamen
1276 2778 1375 2836 neque

522 2840 633 2898 insitas
647 2840 807 2915 opiniones
815 2858 913 2916 neque
923 2840 1073 2897 rationem
1085 2839 1212 2897 dicendi
1221 2840 1374 2897 invetera-

520 2929 591 2990 tam,
614 2939 802 2997 quamquam
825 2920 980 2978 mordicus
1000 2938 1060 2977 non
1079 2919 1201 2988 tenebis,
1221 2919 1374 2977 radicitus

507 3001 615 3078 facile
629 3019 691 3058 uuo
705 3000 818 3076 impetu
836 3000 959 3058 evellas.
974 2999 1108 3069 Accedit,
1129 3001 1213 3077 quod
1229 3000 1262 3056 in
1277 2999 1373 3073 elogio

520 3082 574 3138 illo
583 3081 751 3157 pangendo
765 3086 883 3136 tautum
900 3080 1011 3137 aberat
1022 3099 1128 3137 recens
1139 3081 1204 3154 (au.
1217 3081 1318 3156 1433)
1331 3080 1378 3136 ad

514 3162 651 3234 gradum
674 3159 875 3218 baccalaurei
887 3168 1047 3236 promotus
1068 3180 1088 3218 a
1107 3161 1226 3236 peritia
1248 3167 1375 3237 arteque

517 3240 681 3309 scribendi,
690 3240 886 3317 utpassimin
895 3241 1068 3316 quantitate
1077 3240 1269 3313 syllabarum
1285 3239 1374 3297 adhi-

520 3320 621 3377 benda
633 3321 817 3397 peccaverit.
846 3320 940 3391 Quod
955 3341 994 3378 ue
1008 3321 1106 3394 gravi
1123 3321 1196 3378 vitio
1219 3327 1322 3378 vertas
1340 3320 1373 3377 in

519 3400 666 3458 vestibulo
675 3400 829 3476 Apollinis
839 3401 1022 3470 obversanti,
1034 3420 1155 3458 revoces
1166 3401 1256 3458 velim
1269 3401 1302 3457 in
1313 3421 1375 3458 me-

519 3481 648 3537 moriam
654 3481 840 3557 posteriores
851 3480 929 3538 alios
933 3489 1042 3558 poetas
1052 3481 1172 3550 latinos,
1189 3481 1245 3556 qui
1254 3481 1287 3538 iu
1295 3481 1374 3554 geli-

522 3561 594 3618 dam
618 3561 808 3618 Sarmatiam
830 3562 942 3619 Musas
962 3562 1195 3619 traustuleruut.
1221 3561 1374 3630 Quisnam

519 3661 623 3698 eorum
643 3641 755 3717 effugit
766 3642 884 3717 plagas
897 3642 1109 3718 prosodiacas,
1131 3641 1243 3718 quibus
1261 3642 1377 3698 irretiti
1448 3685 1452 3692 .

521 3740 580 3778 uon
596 3721 849 3798 impediebantur,
865 3723 1028 3797 quominus
1040 3722 1168 3779 sublimi
1174 3723 1292 3799 plectro
1306 3741 1375 3779 car-

519 3801 605 3859 mina
620 3801 878 3859 modularentur?
903 3803 941 3859 Iu
964 3803 1093 3859 eundem
1113 3821 1246 3859 errorem
1265 3802 1379 3861 incidit

521 3882 664 3956 aequalis
672 3889 836 3958 temporum
845 3881 968 3939 illorum
979 3882 1081 3939 Adam
1097 3881 1234 3951 Sminka,
1250 3882 1376 3939 canoni-

521 3979 575 4018 cus
587 3961 808 4034 Cracoviensis,
816 3963 906 4019 cuius
917 3962 1072 4039 epitaphia
1083 3962 1218 4035 Dlugosz
1229 3962 1306 4019 libro
1318 3981 1375 4018 un-

520 4040 635 4098 decimo
646 4042 806 4100 Historiae
812 4043 978 4100 Polouicae
990 4043 1144 4100 adiunxit.
1153 4043 1271 4100 Mirum
1281 4062 1374 4118 quam

521 4128 588 4178 arte
605 4121 768 4180 cohaerent
786 4141 854 4180 cum
870 4123 977 4197 elogiis
992 4124 1134 4196 Gregorii
1153 4130 1189 4192 et,
1209 4130 1246 4180 ut
1263 4123 1375 4194 dicam,
