3240 5478
921 811 1093 916 romxvu

238 902 314 914 «ΑΛΛΛ
320 901 438 914 ΛΛΛΑΛᾺΓ
448 902 455 908 ’
464 902 494 913 ᾹᾹ
505 902 509 907 “
518 901 547 915 fist«
554 901 618 914 ᾹΑΛᾹ
626 902 638 914 'N
645 902 708 915 ’ΧΙΧΑᾹ
716 903 743 915 *d*
749 903 812 916 Astra·
820 903 849 914 1⁴⁴*
857 903 996 917 ᾹᾹΜἈἈΜ
1010 897 1094 916 ’ΜΛΝ

237 921 243 929 x
249 919 258 927 Α
268 919 276 928 ⁵
282 919 388 933 mmmmm«
392 919 473 933 ΑΖΚΛΧΧΙ*
479 919 512 932 ΑΛ
517 919 798 934 ΑἉΝΧΛΛΝΛΛΛΛΛΛΛΛΛ

236 1061 333 1117 aeque
345 1061 382 1102 ac
394 1043 510 1100 furtum
522 1043 715 1101 detestantur
720 1063 728 1117 ;
743 1043 826 1119 apud
838 1062 895 1102 nos
907 1045 1093 1103 levissimum

236 1123 386 1198 quodque
405 1123 522 1181 furtum
542 1125 673 1197 capitale
694 1131 748 1182 est.
774 1125 1045 1198 Hospitalitatibus
1064 1131 1095 1184 et

236 1205 387 1262 conviviis
404 1204 445 1262 illi
461 1205 648 1278 patrimonia
662 1205 855 1279 impendunt,
875 1223 932 1262 nos
952 1206 1095 1262 effusissi-

236 1303 285 1340 me
301 1283 507 1360 indulgemus.
521 1283 640 1342 Eadem
652 1286 818 1358 utrobique
829 1285 959 1358 potandi
971 1283 1095 1345 licentia

236 1363 456 1439 ebrietatisque
471 1364 637 1439 impunitas
652 1373 683 1422 et
698 1366 729 1423 in
744 1365 893 1423 conviviis
908 1365 948 1423 de
962 1365 1093 1440 publicis

234 1445 425 1519 privatisque
444 1445 538 1502 rebus
558 1445 754 1503 consultatio.
776 1445 855 1502 Nam
870 1453 901 1502 et
915 1446 1093 1504 muneribus

234 1523 371 1601 gaudere
380 1532 411 1582 et
419 1525 576 1582 sudatoria
584 1525 790 1599 frequentare,
798 1527 982 1600 saepiusque
990 1526 1093 1598 lavari,

235 1623 270 1662 ac
281 1604 381 1663 ferina
389 1623 482 1664 carne
494 1605 636 1679 lacteque
644 1607 727 1663 vesci
739 1606 818 1664 adeo
827 1623 993 1663 commune
1004 1603 1094 1664 utris-

235 1704 295 1758 que
310 1694 367 1758 est,
387 1692 422 1743 ut
440 1692 493 1743 aut
511 1704 619 1744 verum
639 1693 695 1757 est,
715 1686 800 1758 quod
820 1687 962 1758 arbitror,
981 1705 1038 1743 nos
1054 1687 1092 1744 ab

235 1765 292 1824 illis
307 1767 444 1837 fluxisse,
464 1773 516 1823 aut
534 1767 599 1823 eius
619 1767 721 1842 gentis
741 1784 798 1823 nos
819 1784 925 1823 sumus
940 1773 1091 1824 auctores.

235 1845 296 1904 Sed
316 1864 392 1904 vero
414 1847 541 1903 similius
561 1853 617 1918 est,
637 1848 721 1920 ipsos
741 1847 799 1904 sub
817 1847 986 1920 asperrima
1004 1851 1092 1921 parte

234 1927 321 1999 caeli,
342 1927 373 1983 in
386 1935 469 1984 terra
490 1926 616 1984 informi
640 1927 782 1999 tristique
805 1934 934 2000 aspectu
957 1935 988 1985 et
1009 1927 1093 1986 cultu

235 2008 364 2080 positos,
380 2008 489 2065 relicto
504 2006 620 2082 frigore
639 2024 675 2064 ac
698 2006 841 2080 squalore
862 2007 1025 2066 damnatae
1044 2025 1092 2065 re-

234 2087 345 2162 gionis,
357 2088 582 2163 benignitatem
594 2086 669 2144 caeli
680 2087 801 2162 solique
813 2094 937 2146 secutos
949 2094 980 2145 et
991 2087 1104 2157 diver-2

235 2168 274 2223 sis
291 2167 509 2225 occasionibus
521 2185 557 2225 ac
569 2166 771 2241 temporibus,
786 2168 887 2241 primo
899 2167 1025 2241 quidem
1035 2186 1092 2244 per

234 2247 416 2305 Sarmatiam
436 2266 469 2305 se
489 2266 588 2322 usque
607 2248 647 2304 ad
666 2247 780 2324 lyram
800 2267 923 2307 amnem
938 2247 1091 2319 effudisse,

234 2327 348 2386 deinde
369 2327 408 2385 ad
427 2327 566 2401 lstulam;
586 2335 617 2386 et
636 2335 796 2388 crescente
818 2328 1015 2387 multitudine
1034 2347 1091 2403 per

234 2409 362 2467 Daciam
386 2409 417 2464 in
435 2408 564 2482 Mysiam
583 2408 812 2466 transcendisse
831 2415 923 2482 atque
941 2409 973 2466 in
992 2409 1092 2467 conti-

234 2496 328 2546 nuato
348 2495 448 2546 tractu
463 2489 610 2562 paulatim
628 2488 811 2546 Dalmatiam
830 2495 922 2562 atque
937 2487 1089 2562 Illyricum

235 2586 415 2643 occupasse,
428 2569 529 2626 donec
541 2569 579 2626 ab
592 2567 719 2626 Oceano
729 2569 911 2642 incipientes
918 2567 1091 2626 inAdriati-

234 2666 305 2706 cum
313 2667 413 2724 usque
425 2650 526 2706 sinum
537 2650 719 2706 continuato
731 2647 887 2706 incolendi
900 2647 1008 2706 ordine
1019 2667 1091 2724 pro-

234 2730 382 2803 ruperint.
395 2727 450 2788 Cui
460 2729 711 2804 opinionilingua
719 2729 811 2786 etiam
819 2729 913 2786 fidem
920 2728 1002 2800 facit,
1011 2747 1090 2806 quae

234 2811 379 2867 omnibus
394 2817 456 2866 tam
468 2809 681 2886 longissimum
693 2815 844 2866 terrarum
859 2815 991 2867 tractum
1006 2810 1091 2866 inco-

233 2889 367 2947 lentibus
382 2908 443 2947 una
457 2896 514 2960 est,
528 2889 586 2946 nisi
602 2895 751 2964 quantum
767 2889 954 2947 commercia
968 2895 1029 2946 tam
1045 2889 1091 2947 di-

233 2988 392 3027 versarum
405 2970 573 3042 nationum,
588 2987 644 3045 per
656 2988 731 3043 quas
743 2988 811 3027 sese
823 2987 900 3046 gens
913 2969 964 3050 illa
974 2968 1089 3041 effudit,

234 3051 461 3107 commutarint.
478 3050 570 3124 Quod
585 3068 659 3108 vero
676 3049 844 3108 adnomen
858 3050 977 3122 attinet,
996 3068 1088 3110 nemo

234 3130 376 3188 dubitare
383 3129 965 3201 debetnovumidesseacvernaculum,
974 3129 1088 3214 quippe

234 3211 272 3267 ab
293 3229 331 3268 eo
351 3210 504 3268 vocabulo
524 3210 702 3282 deductum,
727 3228 789 3284 quo
809 3210 840 3267 in
859 3211 964 3286 lingua
983 3217 1089 3286 nostra
1120 3246 1125 3252 -

233 3307 361 3364 campos
377 3290 574 3365 appellamus
594 3291 682 3362 Nam,
697 3291 748 3363 qui
764 3291 909 3348 silvarum
924 3292 1088 3349 montium-

234 3388 294 3446 que
306 3372 512 3445 .asperitatem
532 3389 604 3428 cum
622 3371 721 3445 patria
740 3370 946 3444 reliquissent,
964 3371 1087 3445 pellecti

233 3451 420 3508 amoenitate
432 3469 622 3525 camporum,
638 3469 716 3524 quos
728 3451 908 3530 incolerent,
923 3470 991 3509 sese
1006 3468 1088 3509 cam-

234 3538 354 3604 pestres
369 3529 508 3588 materna
521 3533 627 3608 lingua
641 3538 867 3607 nuncuparunt.

234 3630 358 3730 XIX
396 3611 474 3672 Orto
491 3611 657 3686 aliquando
675 3630 818 3669 sermone
832 3612 862 3670 in
878 3629 955 3668 cena
963 3611 1002 3669 de
1011 3609 1088 3668 Cha-

363 3709 373 3731 ·
395 3692 513 3749 rondae
531 3692 661 3768 legibuS,
681 3710 751 3750 cum
769 3691 936 3768 Vergerius
955 3691 1089 3749 sanctio-

234 3791 305 3828 nem
321 3771 403 3828 illam
419 3772 566 3843 laudaret,
588 3791 649 3845 qua
663 3779 787 3830 cautum
802 3779 868 3829 erat
882 3791 899 3828 a
914 3769 1086 3842 Charonda,

233 3870 271 3909 ne
287 3852 365 3926 quiS,
380 3853 428 3910 cui
443 3853 576 3926 primurn
591 3853 820 3910 matrimonium
835 3851 964 3909 feliciter
978 3851 1087 3908 cessis-

232 3939 288 4003 set,
302 3932 475 3992 secundum
490 3933 589 4003 iniret,
604 3933 672 3991 illos
683 3951 767 4004 vero,
783 3933 834 4006 qui
847 3931 1025 3989 infortunati
1040 3931 1087 3988 fu-

233 4012 329 4070 issent
342 4013 449 4087 primis
462 4014 492 4070 in
504 4013 628 4086 nuptiis,
643 4012 713 4071 loco
726 4013 902 4070 insanorum
915 4011 1090 4084 ducendose

231 4093 256 4149 si
273 4093 383 4150 iterum
398 4112 435 4150 ea
455 4093 487 4150 in
501 4111 535 4150 re
555 4093 710 4151 fortunam
730 4097 894 4164 tentarent,
915 4091 1083 4168 Gregorius

233 4173 343 4250 inquit:
359 4173 433 4233 nihil
448 4173 531 4234 aliud
546 4172 578 4231 id
590 4173 682 4233 fuisse
693 4192 785 4250 quam
797 4171 941 4246 statuere,
956 4180 989 4230 ut
1001 4174 1083 4235 cives
