3240 5478
545 775 745 830 GREGORIUS
764 779 954 830 SANOCEUS.

546 851 873 865 mAtWNJxWAJ-Mtvx
879 851 903 864 'Ns
909 850 959 864 AM
967 850 1029 864 “ANP
1036 850 1066 864 Μ
1075 850 1101 864 ’.Α
1109 851 1152 864 'xflst
1160 851 1188 865 R*
1198 851 1278 865 &Asfflst
1288 852 1298 862 Ν
1305 853 1332 865 *Γ
1340 853 1348 862 7¹
1359 852 1369 862 Α
1377 852 1398 863 Ἠ

546 869 697 882 *uxamam-»vx
704 870 710 877 «
718 870 747 882 ΑΛ
755 869 815 882 *saw*
825 870 834 876 s*
842 869 870 882 ἢ]
879 868 886 874 ·
893 868 906 881 A
914 868 924 877 ἢ
932 868 940 874 '⁴
947 868 988 881 ΛΝ
1001 868 1029 880 JV*
1039 868 1099 882 νυν*
1105 869 1136 882 ΛΑ
1145 870 1331 884 «ΑΊἈΛΛΛ’ΛΛ”
1344 872 1353 882 w
1360 871 1368 878 ⁴
1375 871 1399 881 r*

545 992 627 1064 neris
642 999 869 1052 tormentorum
885 992 1108 1069 excutientium
1130 1011 1205 1049 saxa
1225 993 1256 1050 in
1278 1010 1350 1050 arce
1365 1010 1401 1050 ac

546 1072 789 1150 propugnaculis
801 1071 955 1146 disposuit
966 1071 1179 1148 bipennesque
1195 1073 1403 1131 innumerabi-

546 1153 589 1209 les
601 1159 632 1211 et
643 1152 854 1212 arcuballistas
874 1171 910 1210 ac
922 1152 1058 1224 missilia,
1077 1153 1188 1226 quibus
1200 1151 1290 1211 facile
1302 1154 1402 1210 omnis

547 1234 680 1307 impetus
695 1239 860 1290 arceretur.
882 1231 1124 1306 Apparebatque
1141 1233 1198 1290 iam
1214 1241 1280 1290 tuta
1294 1233 1402 1291 civitas

545 1314 584 1372 ab
599 1314 655 1385 his,
670 1331 749 1387 quae
763 1311 838 1370 foris
854 1313 1057 1370 imminerent.

545 1409 741 1512 XXVII
775 1393 881 1466 ltaque
892 1411 931 1451 ne
943 1392 1246 1451 domesticalicentia
1254 1394 1402 1465 interiret,

748 1489 759 1510 ·
775 1473 910 1531 hostium
926 1480 1010 1531 metu
1024 1473 1155 1544 sublato,
1177 1472 1345 1550 Gregorius
1360 1475 1402 1530 le-

545 1571 610 1629 ges,
625 1552 737 1628 quibus
753 1553 833 1610 inter
843 1571 877 1610 se
889 1552 973 1610 domi
986 1555 1147 1628 agitarent,
1162 1555 1356 1627 conscripsit,
1371 1561 1402 1611 et

545 1641 651 1691 erecto
666 1633 792 1708 templo,
811 1633 937 1691 unicum
952 1632 1262 1707 efficacissimumque
1278 1652 1402 1691 servan-

546 1711 654 1771 darum
670 1713 773 1790 legum
788 1713 955 1784 vinculum,
975 1713 1072 1770 oculis
1091 1731 1199 1771 eorum
1219 1713 1401 1789 religionem

546 1795 668 1853 obiecit.
684 1791 744 1854 Sed
759 1800 791 1851 et
806 1793 871 1868 ipse
882 1791 968 1850 festis
980 1791 1090 1850 diebus
1102 1792 1133 1851 in
1145 1794 1339 1852 sermonibus
1355 1812 1402 1851 sa-

545 1875 606 1932 cris
621 1874 740 1932 utilium
753 1874 1016 1946 honestorumque
1027 1873 1178 1932 rationem
1195 1873 1252 1930 illis
1267 1875 1402 1948 explica-

546 1953 609 2027 bat,
628 1972 753 2028 quoque
773 1952 883 2011 ordine
902 1952 1079 2011 coalescere
1098 1953 1206 2011 civitas
1226 1961 1257 2011 et
1277 1971 1402 2012 conser-

546 2035 610 2092 vari
622 2039 738 2108 posset,
746 2033 1034 2107 quantumqueDeo
1046 2034 1209 2091 immortali
1222 2035 1334 2092 civium
1346 2053 1401 2091 un-

547 2115 656 2172 animis
676 2131 847 2172 consensus
867 2114 906 2170 ad
926 2118 1011 2172 recte
1025 2113 1192 2172 vivendum
1207 2114 1294 2172 cordi
1311 2121 1400 2186 esset,

547 2195 732 2269 exponebat.
746 2193 797 2252 Ad
812 2212 904 2267 quam
919 2211 984 2251 rem
999 2211 1069 2250 cum
1082 2193 1216 2267 quodam
1229 2194 1321 2252 veluti
1337 2193 1401 2252 fato

547 2293 601 2332 eos
617 2269 912 2348 obsequentissimos
928 2275 1063 2345 haberet,
1078 2274 1170 2331 etiam
1185 2275 1329 2349 exemplo
1345 2293 1401 2332 suo

547 2355 733 2424 concitabat,
753 2354 868 2428 quippe
889 2354 974 2428 quod
993 2353 1138 2412 dominus
1157 2361 1189 2411 et
1207 2361 1297 2428 pater
1315 2355 1400 2412 urbis

547 2434 783 2492 mansuetudine
798 2451 834 2492 ac
849 2433 995 2492 facilitate
1007 2451 1114 2491 omnes
1125 2434 1262 2508 privatos
1278 2453 1402 2509 supera-

547 2522 595 2573 ret
609 2533 668 2573 nec
687 2515 869 2588 cuiusquam
890 2531 1040 2588 prospera
1059 2521 1112 2572 aut
1130 2515 1260 2572 adversa
1279 2522 1401 2589 putaret

547 2614 565 2653 a
579 2613 612 2653 se
627 2595 735 2667 aliena,
749 2595 805 2652 sed
817 2594 960 2651 omnibus
971 2612 1070 2668 acque
1081 2594 1187 2652 aderat
1198 2601 1230 2652 et
1240 2601 1333 2668 prout
1343 2613 1401 2665 res,

541 2677 747 2741 ¹humanarum
755 2675 973 2732 necessitatum
985 2675 1062 2731 ratio
1074 2675 1222 2751 exigeret,
1233 2675 1279 2731 his
1291 2690 1402 2733 consu-

548 2757 639 2828 lebat,
654 2756 721 2813 illos
737 2756 870 2827 iuvabat,
885 2755 1013 2811 istorum
1029 2755 1154 2826 iuribus,
1170 2755 1290 2812 illorum
1306 2755 1401 2813 fortu-

547 2837 595 2893 nis
610 2836 821 2906 subveniebat,
835 2835 901 2892 aliis
916 2835 1136 2911 gratulabatur,
1150 2835 1226 2892 alios
1239 2835 1402 2892 consolan-

548 2915 590 2974 do
605 2917 775 2986 recreabat,
794 2915 936 2989 adeoque
955 2916 1125 2972 crescentis
1141 2916 1171 2972 in
1187 2914 1253 2973 dies
1268 2915 1400 2972 civitatis

549 2996 652 3054 studio
672 3002 807 3054 mentem
827 2993 1011 3066 intenderat,
1034 3002 1068 3052 ut
1087 3014 1245 3068 nunquam
1265 2996 1401 3069 potuerit

547 3075 659 3134 adduci
674 3076 793 3148 reliquo
808 3082 958 3149 tempore,
973 3074 1059 3147 quod
1069 3075 1140 3132 alibi
1156 3075 1302 3148 frequens
1317 3076 1401 3133 habi-

547 3162 634 3213 taret.
650 3155 736 3230 Quae
751 3173 800 3212 res
815 3173 907 3229 saepe
923 3155 1011 3213 saluti
1023 3173 1123 3212 novae
1135 3156 1249 3214 civitati
1262 3153 1328 3227 fuit,
1342 3173 1400 3213 nec

547 3243 666 3293 tantum
682 3236 760 3293 arcis
775 3234 938 3308 fossaeque
953 3252 989 3293 ac
1004 3237 1287 3310 propugnationum
1303 3236 1401 3293 muni-

547 3317 591 3373 tio
607 3315 647 3372 illi
663 3315 788 3389 profuit,
803 3321 950 3389 quantum
966 3315 1058 3372 animi
1074 3316 1256 3394 magnitudo
1271 3321 1302 3373 et
1316 3317 1401 3391 inge-

548 3397 633 3454 nium
648 3394 799 3472 Gregorii.

548 3491 766 3594 XXVHI
808 3475 887 3532 Nam
899 3492 969 3533 cum
980 3474 1197 3549 populationes
1208 3475 1401 3549 Thauroscy-

628 3617 629 3620 Ἴ
774 3571 784 3592 ·
810 3555 930 3612 tharum
949 3561 1011 3611 tam
1031 3555 1150 3613 subitae
1170 3556 1240 3628 sint,
1264 3563 1298 3613 ut
1315 3556 1399 3629 prius

547 3637 673 3712 abigant
687 3634 833 3711 praedam
850 3653 941 3709 quam
956 3636 1077 3693 venisse
1097 3635 1323 3711 intellegantur,
1337 3637 1401 3709 ple-

549 3734 663 3791 rosque
678 3717 818 3772 incautos
830 3714 1077 3789 deprehendunt,
1091 3715 1167 3773 alios
1182 3717 1212 3772 in
1229 3717 1295 3790 ipsa
1308 3716 1401 3790 trepi-

549 3795 674 3853 datione
689 3793 829 3853 nondum
844 3802 968 3868 paratos
979 3795 1019 3852 ad
1030 3813 1063 3852 se
1074 3796 1224 3853 tuendum
1237 3801 1398 3870 occupant.

549 3875 668 3950 Quibus
677 3875 799 3933 casibus
807 3872 974 3949 Gregorius
983 3875 1128 3933 custodes
1141 3882 1337 3950 opposuerat,
1349 3894 1400 3932 ne-

549 3974 609 4028 que
622 3973 757 4029 unquam
770 3955 812 4011 ita
824 3954 989 4029 imparatus
1001 3962 1066 4012 erat
1078 3972 1148 4013 cum
1160 3957 1232 4027 suis,
1243 3961 1277 4012 ut
1288 3974 1351 4013 non
1360 3954 1399 4012 de

549 4036 719 4092 imminenti
727 4034 865 4110 periculo
873 4035 1159 4111 agitarevideretur.
1169 4034 1399 4108 Ceterum,cum

548 4116 644 4174 hostis
655 4115 799 4187 affuisset,
807 4114 919 4172 civium
931 4116 1049 4173 animos
1061 4116 1400 4193 erigebatcircumeun-
