3240 5478
900 795 977 844 FOL.
997 793 1085 843 XXIX

237 862 481 876 ΛΛΛΛΛΛΙᾺΛΛΔυΝν»
491 863 601 876 κιωακκψ
612 864 657 876 vass
850 866 949 878 ›xrwamtx
958 865 1084 879 *xxmasxsvmt

237 881 256 894 Α.
260 866 1031 897 mmmmoewxvvwvwvxffv'sssmpva-mswvwvwww
1034 884 1068 896 ην

237 1009 351 1066 omissis
370 1009 460 1066 bonis
480 1007 652 1084 disciplinis
670 1009 843 1066 vanissimis
858 1009 1032 1068 actionibus
1052 1027 1085 1066 se

235 1089 466 1163 mancipassent,
481 1089 537 1147 sed
551 1107 654 1163 neque
665 1089 837 1147 audiendos
849 1089 1085 1164 spectandosve,

234 1177 289 1240 aut,
304 1171 328 1226 si
341 1171 469 1227 omnino
480 1171 568 1227 vitari
581 1188 644 1228 non
654 1177 792 1244 possent,
798 1169 1085 1226 semeltantummo-

233 1249 576 1308 doillisintendendum:
586 1251 706 1310 abiecta
716 1267 844 1324 prorsus
856 1257 887 1308 et
898 1250 1028 1307 iacentia
1040 1250 1085 1306 in-

232 1331 320 1404 genia
331 1349 400 1387 esse
412 1347 592 1388 asseverans
605 1330 665 1402 illa,
680 1347 759 1403 quae
775 1331 866 1388 dictis
885 1330 1014 1387 saetisve
1032 1330 1085 1386 ali-

232 1411 339 1482 quibus
351 1410 477 1468 ludicris
490 1417 620 1484 possent
630 1411 699 1484 plus
712 1427 804 1484 quam
816 1411 912 1468 semel
924 1411 990 1468 sine
1002 1410 1085 1467 fasti-

230 1490 279 1548 dio
294 1492 453 1548 interesse.

229 1589 342 1690 XLI
427 1571 619 1630 Ebrietatem
633 1589 691 1644 pro
707 1571 822 1646 ingenii
839 1571 985 1644 qualitate
1000 1571 1084 1628 bona

393 1657 410 1689 ·.
428 1652 547 1708 malave
561 1651 693 1722 differre,
708 1669 744 1709 ac
758 1657 853 1726 prout
864 1651 1022 1726 ingenium
1037 1650 1084 1708 fo-

229 1738 281 1802 ret,
289 1737 342 1790 aut
349 1731 565 1789 detestandam
574 1749 642 1788 esse
651 1731 908 1791 auttolerandam.
917 1731 1082 1804 Nunquam

229 1813 330 1872 tamen
346 1812 388 1869 illi
403 1813 498 1869 effuse
510 1812 646 1880 indulsit,
661 1812 717 1871 sed
732 1829 830 1885 usque
845 1812 885 1870 ad
900 1812 1082 1869 hilaritatem

229 1887 295 1948 cum
310 1893 427 1964 amicis,
441 1893 623 1966 praesertim
635 1893 825 1968 alienigenis,
837 1893 974 1962 bibebat,
989 1891 1083 1965 idque

229 1973 347 2029 nonnisi
367 1991 436 2030 raro
453 1980 566 2030 etcum
579 1991 730 2030 summam
743 1973 856 2048 ingenii
869 1972 1081 2029 lassitudinem

228 2054 363 2124 sentiret,
377 2053 507 2126 putabat
522 2054 604 2111 enim
624 2071 661 2110 ea
675 2053 794 2110 ratione
814 2052 977 2110 refocilari.
993 2053 1081 2110 Bibe-

227 2132 277 2189 bat
288 2133 491 2192 libentissime
501 2134 672 2208 potionem,
683 2134 762 2206 quae
777 2133 812 2190 fit
823 2151 864 2190 ex
874 2133 974 2204 melle,
989 2144 1080 2206 quam

227 2212 307 2270 domi
323 2214 381 2271 sibi
397 2215 531 2287 excoqui
551 2215 688 2286 curabat,
707 2221 739 2270 et
758 2231 828 2271 cum
849 2213 880 2270 id
901 2213 999 2284 fieret,
1013 2213 1082 2270 dili-

226 2295 404 2368 gentissime
418 2295 697 2368 circumspiciebat,
713 2300 746 2350 ut
757 2293 865 2364 melliS,
877 2313 985 2367 aquae,
1000 2294 1080 2369 ignis

227 2381 256 2432 et
266 2382 439 2432 ceterarum
451 2392 553 2432 rerum
563 2374 674 2432 modus
683 2374 877 2432 decoctionis
885 2374 1081 2432 rationicon·

228 2455 361 2513 sentiret.
378 2455 440 2513 Sed
456 2463 487 2512 et
500 2457 585 2526 vin0,
604 2454 794 2512 assuefactus
816 2455 845 2510 in
861 2455 1006 2530 Ungaria,
1021 2453 1081 2510 fre-

227 2542 357 2606 quenter
367 2536 520 2606 utebatur,
542 2543 642 2608 parce
651 2542 755 2592 tamen
767 2542 797 2592 et
809 2535 933 2592 nonnisi
946 2535 976 2591 in
988 2552 1080 2608 pran-

227 2614 285 2672 dio.
306 2616 434 2673 Mensae
456 2615 599 2673 modicus
620 2622 786 2689 apparatus
808 2621 839 2672 et
860 2617 927 2672 sine
949 2621 1078 2690 argento

225 2702 346 2767 praeter
365 2695 483 2772 ligulae.
503 2695 648 2754 Oleribus
669 2704 699 2753 et
719 2695 925 2770 leguminibus
946 2695 1078 2752 maxime

224 2775 444 2848 delectabatur,
463 2793 521 2833 nec
541 2777 641 2833 minus
661 2776 750 2834 avide
763 2775 871 2850 'pultes
893 2774 1079 2833 comedebat

224 2862 253 2912 et
266 2875 402 2928 caseum,
417 2875 472 2913 seu
488 2855 573 2930 quod
589 2857 648 2912 iam
664 2857 751 2913 senio
771 2856 881 2913 dentes
902 2854 1077 2912 labefactati

223 2951 330 2994 carnes
342 2943 507 2994 conterere
519 2955 582 2994 non
590 2943 744 3010 poterant,
757 2955 811 2992 seu
819 2935 1003 3012 frugalitatis
1015 2944 1079 2993 stu-

223 3015 306 3074 dium
317 3017 435 3074 secerat
446 3035 551 3074 earum
563 3035 666 3074 rerum
675 3017 884 3090 appetentiam
896 3022 927 3072 et
938 3016 1079 3090 volupta-

222 3102 293 3168 tem,
313 3114 390 3170 quas
411 3097 550 3171 quotidie
570 3098 756 3172 apponebat.
775 3097 897 3153 Ieiuniis
917 3096 999 3153 haud
1018 3096 1078 3154 fre-

221 3185 353 3248 quenter
363 3177 553 3252 indulgebat,
568 3195 622 3234 seu
633 3177 822 3235 macerando
834 3178 957 3250 corpori
971 3195 1078 3234 senec·
1159 3197 1162 3206 ’

221 3263 327 3329 tutem,
360 3276 414 3314 seu
446 3259 550 3315 virtuti
587 3257 738 3332 frugalem
767 3276 905 3314 mensam
935 3258 1077 3316 sufficere

220 3345 339 3410 putans
352 3337 386 3394 ld
397 3355 455 3413 pro
464 3345 550 3396 certo
562 3339 815 3395 asseveraverim:
827 3356 898 3395 cum
910 3339 949 3396 de
962 3339 1076 3396 ieiunio

222 3417 451 3489 admoneretur,
475 3418 597 3492 Isaiae¹)
621 3418 696 3475 illud
721 3419 890 3492 usurpabat
915 3421 988 3476 ‘non
1016 3419 1076 3476 tale

222 3497 368 3555 ieiunium
383 3498 472 3574 elegi,
487 3499 563 3556 dicit
582 3498 752 3555 Dominus'.
772 3498 947 3555 Prandendi
964 3515 1077 3556 cenan-

221 3577 314 3650 dique
330 3579 416 3636 locus
432 3586 485 3635 aut
495 3586 617 3652 tempus
630 3579 916 3648 indiscriminatum,
931 3579 988 3634 nisi
1004 3595 1074 3635 cum

221 3666 272 3715 aut
286 3659 365 3716 aeris
381 3666 433 3716 aut
448 3659 604 3733 hospitum
619 3659 697 3716 ratio
713 3659 876 3733 coegisset,
891 3659 964 3714 alias
980 3677 1076 3729 quau-

221 3738 388 3812 docunque
403 3746 434 3796 et
448 3740 626 3812 ubicunque
638 3741 793 3812 appetitus
804 3739 1004 3812 provocabat,
1019 3756 1074 3793 seu

220 3820 312 3876 animi
335 3819 503 3877 oblectatio
525 3821 680 3890 suasisset,
701 3819 749 3876 vel
773 3820 803 3874 in
824 3819 951 3892 publico
972 3818 1021 3875 vel
1043 3819 1073 3874 in

220 3901 338 3971 privato
350 3899 548 3970 comedebat;
561 3917 619 3957 nec
630 3900 734 3973 plures
747 3917 838 3972 quam
850 3899 912 3956 duo
924 3900 1011 3970 pueri
1019 3900 1074 3954 mi-

220 3979 399 4037 nistrabant.
410 3979 492 4036 Nulli
505 3981 575 4037 loco
584 3981 733 4037 maiorem
741 3979 846 4036 deberi
859 3980 1074 4050 reverentiam,

257 4077 273 4142 ι)
285 4079 343 4127 lsai.
358 4078 399 4142 58,
413 4078 429 4126 b
440 4095 525 4128 nonne
535 4080 585 4126 hoc
596 4087 634 4126 est
643 4080 725 4140 magis
735 4079 855 4126 ieiunium
863 4063 1017 4142 quodelegi?
1027 4077 1071 4142 (id.

221 4149 259 4214 58,
275 4163 290 4217 5
303 4151 432 4217 numquid
440 4152 491 4200 tale
506 4158 544 4199 est
556 4152 677 4200 ieiunium
688 4151 756 4216 quod
770 4146 868 4218 elegii).
