3240 5478
516 797 722 852 omnm
790 763 792 770 ’

518 1029 587 1068 men
610 1016 787 1077 contexeret,
807 1015 904 1066 artem
924 999 1083 1066 scribendi
1096 1007 1265 1066 excoluisse
1279 1026 1371 1066 orno·

518 1098 682 1167 mentoque
698 1089 848 1147 sermonis
859 1089 985 1147 auxisse
995 1087 1132 1146 conicere
1135 1095 1223 1165 potes
1233 1107 1272 1146 ex
1272 1091 1371 1165 frag-

518 1178 626 1240 mento,
652 1171 737 1248 qnod
743 1169 843 1247 felici
865 1187 940 1226 casn
961 1167 1172 1243 Zeissbergius
1191 1169 1327 1245 repperit
1345 1177 1376 1226 et

519 1270 584 1310 rina
596 1270 664 1309 cum
676 1250 837 1308 invectivis
847 1249 987 1307 versibus
1001 1249 1156 1307 Gabrielis
1166 1248 1370 1322 divulgavitl.

518 1332 693 1462 Longum
705 1338 751 1388 est
756 1349 941 1388 enumerare
947 1330 1051 1387 omnia
1059 1337 1200 1403 congesta
1208 1348 1372 1402 argumen-

582 1419 623 1481 ta,
637 1412 750 1488 quibus
760 1410 977 1487 innixusputo,
994 1409 1217 1468 Callimachum
1232 1410 1377 1468 nonnihil

520 1493 684 1551 contulisse
697 1491 927 1565 adaugendam
939 1490 1255 1567 amplificandamque
1268 1508 1372 1548 veram

524 1572 667 1647 Gregorii
679 1572 817 1649 effigiem
840 1591 878 1628 ac
891 1571 1032 1629 indolem.
1053 1571 1092 1628 In
1111 1569 1203 1628 rebus
1216 1571 1375 1644 gravioris

520 1653 664 1711 momenti
669 1653 844 1730 propiorem
859 1671 924 1710 esse
938 1669 1017 1721 vero,
1037 1651 1070 1708 in
1085 1651 1160 1708 aliis
1179 1650 1373 1728 licentiafin-

516 1734 617 1808 genali
627 1733 784 1809 abreptum
796 1733 829 1790 in
841 1733 952 1790 melius
963 1732 1111 1790 aberrare
1122 1731 1275 1789 contendo.
1291 1731 1375 1791 Com-

514 1813 652 1891 probabo
667 1814 729 1872 alio
744 1814 814 1883 loco,
830 1813 885 1870 ubi
891 1820 1020 1890 praeter
1029 1811 1255 1870 observationes
1269 1812 1307 1870 de
1315 1821 1375 1889 pa-

521 1895 593 1964 tria,
605 1895 644 1952 ale
650 1895 788 1952 oratione
791 1902 888 1970 prosa
900 1900 931 1950 et
938 1893 1029 1951 dictis
1039 1892 1288 1951 memorabilibus
1302 1893 1375 1952 Gre-

517 1976 610 2050 gorii,
625 1976 664 2032 a'e
678 1974 927 2052 interpretatione
950 1973 1083 2047 Vergilii
1098 1992 1192 2050 qnam
1207 1973 1376 2032 instituisse

526 2055 695 2115 Cracooiae
718 2055 908 2124 elicitum-de
926 2053 1141 2112 commentario
1161 2054 1293 2112 doctoris
1309 2054 1375 2121 Da-

522 2135 646 2194 broaka
665 2135 886 2212 similibusque,
908 2135 1000 2192 etiam
1020 2134 1233 2192 adnotationes
1251 2134 1376 2192 criticas

521 2213 1374 2292 subiciam,ntlectionesabeditioneL.Finheli(Monum.

523 2297 672 2356 Poloniae
685 2296 752 2354 hist.
775 2292 1000 2370 VI163—-216,
1019 2293 1301 2372 Cracooiae1893)
1316 2295 1377 2352 clis-

523 2384 682 2455 crepantes
682 2377 859 2454 probentur.
866 2375 1377 2452 Moneo,menncisquadratisspu-

523 2459 583 2528 ria,
596 2459 686 2515 uncis
697 2458 797 2516 acutis
807 2478 827 2515 a
838 2477 886 2515 me
897 2456 1007 2514 addita
1018 2455 1376 2531 vocabulasignificasse.

614 2637 729 2692 aguam
749 2617 920 2675 amicitiam
939 2616 1119 2690 Gregorinm
1139 2635 1208 2674 cnm
1232 2615 1379 2675 Callima·

526 2688 551 2748 l
613 2699 666 2758 cho
677 2699 882 2768 coniunxisse,
893 2717 932 2755 ex
941 2697 1084 2773 opusculo
1095 2697 1159 2773 ipso
1170 2696 1333 2771 colligitur,
1346 2703 1381 2753 ut

525 2778 592 2836 alia
604 2780 748 2837 omittam.
760 2779 813 2836 Ex
822 2797 886 2856 qua
887 2777 1119 2855 familiaritate
1118 2780 1252 2854 fructus
1263 2784 1379 2834 ntrnm-

523 2878 584 2936 qne
591 2860 774 2937 percepisse,
790 2865 959 2935 mutuaque
971 2856 1034 2915 sibi
1045 2875 1200 2929 synnaoos
1216 2857 1339 2914 auxilia
1351 2863 1381 2913 et

524 2940 634 3016 officia
651 2939 854 3017 impertivisse
872 2939 905 2997 in
926 2944 1025 2995 mente
1042 2938 1277 3014 conformanda,
1295 2937 1381 2994 lnca-

525 3020 605 3078 lente
615 3020 841 3096 elocetepistulo
853 3017 1039 3077 Callimachi
1048 3018 1095 3075 ad
1101 3017 1291 3095 Arnolphum
1306 3018 1336 3075 Τ
1329 3016 1380 3074 he-

517 3100 663 3169 ¹alalo'nm,
675 3101 732 3177 qni
742 3108 814 3157 tnnc
825 3101 858 3157 in
866 3099 996 3157 Polonia
1005 3097 1257 3156 commorabatur.
1272 3099 1379 3169 Quare
1443 3105 1445 3108 ’

525 3181 619 3238 liceat
631 3181 778 3256 adficient
794 3180 930 3240 codicum
945 3179 1060 3253 (Vatic.
1073 3178 1124 3236 lat.
1132 3175 1225 3255 5156
1234 3179 1381 3236 aliorum-

524 3261 598 3338 que)
614 3262 807 3319 emendatam
816 3259 872 3318 'hic
879 3268 1014 3336 ponere:

633 3351 706 3400 Claro
721 3359 746 3400 et
761 3357 849 3399 ornato
867 3351 924 3398 viro
942 3349 1069 3414 Armlpho
1093 3349 1117 3396 T
1113 3349 1216 3398 hedaldo
1228 3347 1380 3406 Florentino,

625 3423 716 3488 fratri
725 3423 821 3488 optimo,
835 3421 968 3486 Philippus
978 3421 1145 3470 Callimachus
1151 3421 1301 3486 felicitatem
1314 3419 1381 3468 dicit.

530 3501 717 3560 »Licetmihi
719 3500 930 3578 pulcherrime
937 3500 1070 3558 Zenonis
1080 3500 1195 3556 dictum
1204 3498 1289 3555 illud
1293 3516 1383 3554 usar-

520 3591 610 3659 pare,
626 3582 688 3659 qni,
694 3589 856 3658 postquam
864 3581 921 3638 sub
936 3579 1057 3639 Cratete
1066 3579 1195 3637 Athenis
1208 3597 1241 3636 eo
1249 3578 1383 3655 philoso-

563 3726 699 3778 1Zeitschr.
711 3729 734 3776 al.
752 3728 804 3776 Ver.
808 3728 837 3792 f.
851 3727 933 3776 Gesch.
944 3743 969 3775 u.
981 3727 1068 3776 Altert.
1079 3726 1221 3784 Schlesiens,
1230 3725 1261 3774 X.
1268 3736 1321 3786 373
1329 3739 1383 3788 squ.

525 3799 710 3861 (Vratislaoiae
721 3799 810 3861 1870).
832 3798 950 3848 Primum
967 3798 1089 3846 distichon
1102 3798 1173 3862 aperit
1186 3797 1334 3861 Gregorinm
1346 3795 1384 3843 ita

526 3872 668 3936 legendum:
1179 3874 1181 3878 '

637 3942 749 3992 Garrula
760 3941 850 4005 lingua
862 3947 920 3999 tace,
934 3957 978 3989 nec
988 3955 1062 3988 sensu
1074 3956 1119 3988 nec
1131 3939 1228 3988 ratione

668 4014 718 4062 Illo
736 4013 826 4070 volent,
840 4019 939 4062 tantiam
951 4013 1025 4060 verba
1032 4011 1153 4076 pudenda
1164 4011 1251 4059 vomis.

563 4085 651 4133 Adhuc
669 4085 825 4134 desideratur
847 4083 940 4148 Corpus
960 4091 1101 4132 nostrorum
1122 4082 1306 4148 epitaphiorum
1329 4079 1385 4128 olio-

526 4161 631 4221 rumque
642 4157 783 4205 carminum
799 4156 936 4204 latinorum
949 4155 1027 4203 medii
1037 4155 1101 4203 oroi.
