3240 5478
919 793 996 843 FOL.
1014 795 1064 843 XV

207 879 429 896 NVVVWVWVVV

208 1015 318 1079 torem,
333 1006 488 1083 profligati
504 1007 660 1064 exercitus
678 1006 839 1082 naufragia
853 1006 1005 1080 quaedam
1017 1024 1064 1063 se-

206 1087 392 1162 quebantur.
403 1087 430 1144 ls
444 1085 597 1162 Gregorio
608 1085 774 1161 plurimum
786 1087 987 1158 afficiebatur,
998 1093 1064 1144 tum

207 1169 247 1226 ob
257 1168 332 1226 alias
341 1168 469 1225 virtutes
479 1176 543 1225 tum
553 1167 945 1243 obanimimagnitudinem
954 1175 985 1225 et
993 1184 1065 1226 con·

208 1250 363 1319 stantiam,
382 1267 444 1322 qua
463 1249 563 1322 ipsum
583 1247 759 1321 peieraturo
774 1249 839 1324 regi
855 1248 1065 1320 cardinalique

208 1347 244 1387 ac
256 1330 369 1387 ceteris
382 1328 413 1387 id
425 1328 627 1386 suadentibus
638 1327 759 1385 viderat
770 1328 974 1386 adversatum.
986 1328 1064 1385 Nam

208 1416 239 1467 et
253 1410 321 1484 ipse
335 1428 394 1484 pro
412 1409 474 1466 fide
495 1408 647 1465 servanda
661 1409 757 1465 multa
775 1416 806 1466 et
827 1409 962 1484 graviter
980 1408 1066 1465 dixe-

208 1497 262 1549 rat.
277 1490 419 1564 Eamque
434 1490 474 1547 ob
490 1507 615 1546 causam
630 1506 701 1547 cum
713 1489 800 1546 <in>
814 1488 1010 1546 multitudine
1021 1495 1067 1546 te-

209 1589 293 1629 mere
308 1570 531 1628 confluentium
543 1576 583 1641 et,
597 1576 631 1626 ut
647 1569 677 1626 in
688 1587 722 1626 re
733 1569 905 1643 desperata,
920 1569 1067 1627 tumultu-

209 1652 325 1709 antium
341 1651 394 1707 vix
409 1650 500 1708 tertia
518 1656 571 1707 aut
589 1657 697 1723 quarta
717 1649 768 1707 die
783 1649 936 1724 Gregorio
951 1649 1064 1726 navigii

208 1732 331 1806 copiam
343 1730 477 1788 suturam
488 1737 661 1805 appareret,
672 1731 702 1787 in
715 1749 770 1787 sua
781 1730 896 1804 scapha
907 1730 1007 1804 ipsum
1019 1748 1066 1787 re-

209 1813 292 1886 cepit
306 1818 337 1870 et
352 1811 382 1868 in
398 1811 495 1869 altera
508 1811 642 1868 fluminis
662 1812 727 1884 ripa
742 1811 895 1885 deposuit.
911 1808 1066 1883 Ceterum,

209 1911 248 1949 ne
267 1892 349 1950 lama
371 1899 518 1965 acceptae
537 1891 634 1948 cladis
653 1891 740 1966 regni
761 1891 897 1964 quietem
919 1891 1066 1963 turbaret,

211 1972 325 2030 relictis
351 1972 473 2044 ceteris,
503 1972 583 2028 inter
602 1989 680 2045 quos
700 1969 878 2047 Gregorius,
909 1990 973 2029 non
999 1972 1065 2029 sine

211 2053 382 2111 incredibili
395 2052 552 2110 celeritate
561 2069 632 2109 cum
640 2051 747 2126 paucis
758 2051 913 2126 expeditis
924 2052 1065 2109 nuntium

210 2134 343 2207 primum
363 2139 395 2190 et
413 2133 493 2190 male
519 2139 625 2207 gestae
644 2133 687 2189 rei
708 2149 865 2189 rumorem
884 2133 1066 2206 praevenire

211 2211 348 2272 instituit.
364 2212 533 2288 Gregorius
552 2231 637 2283 vero,
656 2213 708 2285 qui
728 2220 791 2269 tam
810 2212 975 2270 miserabili
996 2230 1067 2269 suo-

210 2313 277 2351 rum
289 2294 369 2352 cladi
381 2294 468 2350 nefas
480 2292 713 2367 quodammodo
722 2311 755 2349 se
763 2310 926 2366 superesse
934 2299 1065 2366 putaret,

210 2375 310 2448 primo
325 2374 452 2449 quidem
467 2374 497 2431 in
513 2374 644 2447 patriam
658 2373 760 2430 redire
775 2373 987 2430 constituerat.
1003 2374 1065 2430 De-

211 2455 282 2513 inde
293 2454 505 2525 considerans
520 2453 783 2528 quemadmodum
798 2454 864 2510 sine
879 2471 1002 2510 suarum
1017 2471 1067 2512 ca-

212 2535 380 2592 lamitatum
400 2535 549 2592 memoria
573 2534 762 2592 Polonorum
786 2534 884 2591 oculis
909 2535 1064 2592 obversari

211 2633 273 2673 non
284 2622 416 2689 poterat,
430 2616 612 2689 praesertim
623 2615 759 2690 reginae,
773 2632 852 2687 quae
864 2614 921 2671 sibi
933 2614 1067 2671 maxime

213 2695 242 2753 in
254 2695 440 2753 dimittendo
452 2714 470 2752 a
481 2713 514 2752 se
522 2695 661 2764 filioeius
670 2693 799 2751 salutem
808 2694 1067 2764 commendasset,

210 2777 341 2833 instituit
354 2774 543 2850 aliquamdiu
558 2776 676 2846 abesse,
698 2781 732 2832 ut
746 2774 849 2833 medio
865 2782 1005 2848 tempore
1020 2793 1068 2831 re·

211 2873 284 2914 cens
299 2855 391 2914 dolor
402 2855 602 2926 emolliretur,
615 2855 858 2928 vulneribusque
869 2863 944 2913 tunc
956 2855 1068 2912 intrac-

209 2936 355 2994 tabilibus
371 2943 402 2993 et
416 2937 554 2994 cruentis
576 2942 629 2993 aut
642 2936 720 2993 ratio
736 2942 789 2992 aut
803 2937 1005 2992 humanarum
1020 2953 1068 2992 re-

211 3035 278 3073 rum
290 3016 392 3090 aliqua
403 3016 584 3074 vicissitudo
596 3023 800 3074 succurreret.
811 3016 917 3089 Itaque
926 3016 957 3072 in
964 3015 1068 3091 Unga-

210 3097 286 3154 riam
301 3115 407 3154 rursus
423 3115 456 3154 se
471 3097 598 3170 recepit,
617 3097 704 3154 cuius
720 3097 847 3170 quidem
862 3096 934 3153 illuc
950 3096 1067 3153 reditus

138 3205 140 3210 ·
212 3177 315 3234 multis
330 3194 421 3234 carus
436 3177 503 3249 luit,
518 3176 573 3234 sed
589 3177 729 3251 inprimis
752 3176 962 3252 gubernatori,
985 3176 1067 3250 apud

212 3274 305 3331 quem
330 3259 468 3314 omnium
493 3275 596 3314 rerum
617 3275 738 3313 summa
762 3257 909 3313 remansit
928 3257 1067 3314 extincto

212 3337 379 3396 Vladislao.
400 3338 506 3410 Itaque
521 3339 624 3394 statim
639 3355 731 3395 curae
746 3354 782 3394 ac
797 3337 978 3411 disciplinae
993 3336 1069 3394 Gre-

213 3418 290 3494 gorii
305 3418 386 3475 filios
398 3436 480 3488 suos
495 3417 685 3475 Vladislaum
700 3423 732 3474 et
744 3417 890 3474 Mathiam
905 3417 1068 3488 commisit,

214 3499 292 3555 inter
306 3498 421 3572 primas
443 3498 580 3571 ipsorum
601 3497 763 3555 felicitates
779 3497 906 3569 ducens,
924 3497 1009 3571 quod
1025 3497 1068 3554 eis

214 3579 251 3636 ab
267 3579 319 3636 illo
334 3579 400 3636 viro
413 3578 526 3635 erudiri
539 3579 744 3653 contingeret,
758 3578 810 3651 qui
823 3579 904 3653 regis
916 3596 1017 3635 mores
1033 3595 1068 3634 ac

214 3659 307 3716 vitam
322 3666 496 3732 temperare
512 3659 732 3716 consuevisset.
755 3657 789 3714 Id
804 3659 921 3734 negotii
941 3665 1069 3731 propter

214 3739 448 3813 amplitudinem
460 3739 556 3812 patris
567 3738 736 3814 Gregorius
748 3738 880 3796 libenter
891 3737 1027 3811 suscepit
1038 3743 1069 3794 et

214 3819 290 3876 mira
304 3819 438 3892 quadam
453 3818 638 3876 dexteritate
649 3836 685 3875 ac
697 3818 857 3894 diligentia
870 3836 984 3891 pueros
1000 3816 1068 3874 illos

215 3900 255 3956 ita
263 3899 432 3970 erudiebat,
444 3906 477 3956 ut
488 3906 551 3956 tam
562 3899 602 3956 de
613 3899 760 3970 moribus
771 3917 864 3972 quam
875 3899 915 3955 de
927 3897 1070 3956 doctrina

215 3997 322 4036 eorum
337 3980 396 4036 iam
411 3986 477 4036 tum
493 3980 609 4053 optime
624 3979 739 4052 sperari
754 3984 870 4052 posset.

215 4078 315 4179 XV
357 4060 500 4117 Praeerat
521 4067 595 4118 tunc
616 4060 646 4115 in
662 4059 867 4116 Varodinensi
890 4059 1021 4116 ecclesia
1037 4077 1070 4116 o-

319 4157 329 4179 ·
357 4140 475 4197 mnium
496 4140 714 4215 episcoporum
734 4139 840 4197 laudes
858 4146 1068 4216 transgressus
