3240 5478
1022 798 1099 854 1301..
1119 802 1143 848 V

289 870 1144 900 ΜΛΛΛΛΛΛΛΛΛΜΛΛΛΑΛΜΛΛΛΜΑΑΑΛΛΛΛΙᾹΛΑΛΛΛΛΛΛΛΛΛΛΛΝ

288 883 869 903 κΛΛΜΛΛΛΛΑᾸΛΛΛΜΛΛΛΛΛΛΛΜΛΛΜΛΛΑΛ
887 889 1143 901 νυννννννννυνυνν

289 1013 373 1090 quod
379 1012 519 1081 sentiam,
531 1013 736 1070 venustiorem
745 1020 828 1088 prae
840 1033 874 1070 se
878 1012 1143 1089 jeruntspeeiem.

289 1093 387 1151 Edita
399 1093 520 1151 suntin
535 1092 649 1166 virgus
663 1112 713 1150 an.
731 1090 817 1170 1428
828 1100 859 1150 et
867 1107 908 1169 14
903 1107 960 1166 31,
972 1093 1017 1150 ita
1025 1101 1062 1150 ut
1063 1102 1145 1170 pau-

288 1174 333 1231 cis
343 1173 437 1231 annis
447 1173 562 1231 distent
578 1193 599 1230 a
610 1174 749 1230 carmine
764 1174 913 1246 Gregorii.
940 1174 1146 1250 Comparatio·

288 1273 356 1311 nem
371 1253 545 1311 instituenti
555 1253 700 1329 inprimis
708 1254 805 1311 semel
806 1254 933 1330 prolata
945 1255 1089 1311 clausula
1103 1255 1145 1312 si-

288 1335 403 1391 militer
423 1334 569 1414 desinens
589 1335 725 1391 occurrit
741 1334 822 1406 (ubis
847 1342 958 1410 qnater
978 1335 1144 1403 adiunctis,

278 1418 363 1491 pato,
385 1414 453 1483 beu,
467 1415 576 1490 flebili
596 1414 747 1487 cunctis«)
769 1415 802 1471 iu
824 1414 976 1491 epitaplrio
991 1433 1041 1471 an.
1059 1413 1145 1490 1438

288 1498 430 1572 conjecto.
453 1495 525 1566 Qua
541 1495 574 1552 in
589 1514 624 1552 re
637 1495 738 1567 magis
748 1494 810 1552 sibi
819 1495 954 1552 indulsit
969 1495 1144 1568 Gregorius.

286 1576 357 1652 Ipse
370 1593 449 1645 vero,
465 1594 654 1652 quamquam
663 1576 774 1651 plures
791 1576 829 1632 id
835 1593 937 1648 genus
955 1575 1145 1632 >cantilenas

289 1656 502 1731 effeminatas«
516 1655 611 1713 seriei
620 1655 781 1712 verborum
793 1657 950 1724 intulerat,
967 1674 1026 1712 non
1038 1655 1149 1714 babuit

289 1736 323 1793 in
331 1736 453 1794 deliciis
461 1736 653 1804 adsumenta,
661 1735 699 1792 ab
706 1736 824 1812 eloquio
832 1737 1034 1793 ecclesiastico
1036 1737 1144 1812 petita,

288 1835 369 1893 quae
387 1817 440 1873 vel
457 1817 592 1874 niaxime
606 1817 820 1874 revirescentis
835 1817 1031 1892 antiquitatis
1047 1817 1145 1890 signi-

278 1896 353 1974 J‘eri
376 1897 480 1954 animo
507 1895 765 1973 aspernabantur,
798 1896 929 1954 auribus
952 1896 1143 1977 respuebant.

286 1977 379 2034 Illinc
389 1977 564 2053 decerptum
569 1977 739 2054 flosculum
751 1976 872 2035 exbibet
882 1977 984 2035 Adam
1000 1976 1146 2036 Saviuka:

397 2066 561 2132 Ospeculum
579 2083 685 2126 uiarum,
704 2069 873 2132 castitatisque
890 2069 1027 2132 smaragde,

397 2138 419 2186 O
436 2139 521 2188 lilium
539 2140 655 2195 candem,
674 2155 688 2187 o
707 2140 791 2204 campi
807 2139 875 2188 viola
886 2141 1028 2204 fragrans!

288 2217 448 2276 Nimirum
457 2217 672 2294 pedetemptim
688 2224 719 2274 et
726 2218 887 2290 gradatim
898 2218 1147 2293 progrediuntur

287 2299 423 2372 singula,
439 2299 520 2355 utin
535 2316 639 2354 rerum
652 2304 768 2354 natura
780 2298 825 2355 ita
836 2298 870 2354 in
882 2299 1000 2366 litteris,
1016 2298 1055 2355 ab
1071 2299 1145 2355 aliis

288 2380 335 2435 ad
345 2379 421 2450 alia,
436 2385 529 2455 atque
543 2378 724 2452 Gregorium
736 2377 769 2434 iu
780 2378 880 2435 simili
889 2379 1023 2436 transitu
1037 2398 1145 2436 saecu-

289 2459 386 2516 lorum
402 2457 435 2515 in
451 2459 515 2535 ipso
526 2459 639 2525 aetatis
644 2459 729 2534 flore
739 2458 888 2516 bonarum
901 2460 1016 2516 artium
1032 2459 1145 2516 ardore

288 2547 408 2616 captum
424 2558 528 2596 eorum
543 2538 735 2596 veliementer
745 2538 944 2596 contubernia
956 2540 1145 2616 quaesivisse

288 2619 494 2690 statuendum,
508 2619 566 2695 qui
572 2619 714 2695 pomeria
725 2620 898 2676 studiorum
909 2620 1083 2676 dilatarent
1094 2637 1144 2676 no·

289 2699 396 2776 visque
415 2700 557 2757 sensibus
571 2706 698 2776 pectora
720 2707 919 2756 concuterent.
947 2700 1012 2757 Sed
1030 2700 1146 2757 recenti

289 2779 403 2855 afflatu
412 2779 451 2838 ab
458 2780 554 2837 ltalia
567 2787 747 2854 assurgente
758 2782 892 2837 nondum
905 2786 1145 2855 totuscorreptus

214 2875 217 2882 ’
289 2866 363 2917 erat.
389 2859 469 2930 Quis
490 2860 658 2933 negaverit,
682 2861 863 2933 Gregorium
878 2861 989 2934 degere
1002 2860 1097 2935 quasi
1110 2861 1143 2916 iu

288 2940 413 3016 compito
434 2947 465 2997 et
483 2939 634 3017 amphibii
653 2948 799 2998 naturam
822 2959 881 2997 uon
903 2941 1047 2997 exuisset
1077 2940 1144 2997 Hoc

289 3027 369 3077 certe
383 3021 452 3094 egit,
473 3028 509 3077 ut
525 3021 664 3077 animum
684 3027 715 3077 ct
725 3040 893 3078 sermonem
909 3019 1079 3077 luminibus
1093 3040 1144 3078 eu-

288 3108 429 3168 ornaret,
447 3109 593 3176 primum
617 3102 925 3174 tamenGregorium
952 3101 1084 3158 »cultum
1106 3120 1144 3157 ac

288 3181 479 3257 splendorem
501 3181 818 3257 autiquaeorationis
836 3181 1034 3239 Craeooiam«
1052 3182 1145 3238 indn-

287 3261 384 3328 xisse,
410 3261 621 3319 Callimacbns
640 3262 727 3319 uobis
745 3281 804 3318 uon
823 3261 1033 3337 persuadebit.
1054 3262 1146 3321 Dicet

290 3341 406 3418 aliquis
415 3361 425 3397 .·
438 3341 515 3399 baec
526 3342 623 3414 igitur
633 3348 679 3398 est
688 3341 856 3399 auctoritas
874 3341 1081 3399 Callimachi?
1095 3342 1144 3399 Ne

289 3420 322 3477 in
335 3421 435 3498 scirpo
447 3422 559 3478 nodum
571 3440 722 3498 quaerere
732 3423 850 3491 videar,
864 3441 923 3479 uon
935 3428 1041 3478 tantae
1051 3422 1144 3479 licen-

289 3501 352 3558 tiae
363 3502 597 3560 commentiendi
606 3502 786 3559 convincam
798 3501 1031 3568 Callimachum,
1043 3509 1079 3559 ut
1087 3509 1143 3558 toto

289 3581 373 3638 caelo
384 3602 506 3638 errasse
517 3590 680 3639 autumem.
706 3583 776 3640 Veri
788 3583 869 3638 em‘m
884 3582 986 3639 simile
1000 3589 1051 3650 est,
1071 3583 1144 3639 Gre-

285 3663 417 3734 gorium,
429 3682 498 3719 cum
514 3662 682 3720 Cracoviae
702 3663 830 3736 Vergilii
838 3663 984 3720 Bucolica
997 3663 1144 3738 interpre-

290 3748 416 3811 taretur,
432 3743 581 3800 excitasse
592 3743 754 3800 audientes
764 3742 927 3819 (quantum
939 3744 1003 3819 ipse
1008 3743 1143 3818 poterat)

289 3821 336 3878 ad
350 3822 549 3879 imitationem
570 3829 786 3898 profanorum
811 3824 1006 3899 scriptorum,
1032 3830 1068 3879 ut
1090 3822 1144 3879 boc

290 3902 375 3959 modo
390 3903 515 3960 ieiunus
528 3923 626 3960 sermo
638 3903 763 3971 latinus,
778 3904 884 3979 qualis
898 3911 970 3959 tunc
978 3904 1144 3979 praevale-

289 3981 348 4050 bat,
372 4002 444 4040 suco
464 4002 501 4040 ac
521 3983 625 4056 vigore
644 3985 829 4058 reficeretur.
854 3984 929 4042 Cum
944 3983 1007 4040 iam
1023 3983 1145 4056 lougius

290 4069 390 4119 aetate
394 4070 559 4139 provectus
565 4064 585 4137 (
580 4083 630 4120 au.
640 4065 739 4140 1474)
753 4071 859 4121 contra
872 4063 1054 4134 Gabrielem,
1066 4064 1145 4139 epis-

290 4151 394 4218 copum
410 4142 600 4218 Agriensem,
618 4145 802 4202 Polonorum
821 4143 1056 4213 obtrectatorem,
1075 4163 1145 4201 car·
